%YAML 1.1
%TAG !u! tag:unity3d.com,2011:
--- !u!1 &957299547047608680
GameObject:
  m_ObjectHideFlags: 0
  m_CorrespondingSourceObject: {fileID: 0}
  m_PrefabInstance: {fileID: 0}
  m_PrefabAsset: {fileID: 0}
  serializedVersion: 6
  m_Component:
  - component: {fileID: 957299547047608686}
  - component: {fileID: 957299547047608687}
  - component: {fileID: 53871926818398058}
  - component: {fileID: 650064393079633908}
  - component: {fileID: 6141492178620656100}
  - component: {fileID: 1802770121345193302}
  - component: {fileID: 4485841352503362285}
  - component: {fileID: 4404860586168669309}
  - component: {fileID: -7183834208562360646}
  m_Layer: 12
  m_Name: EnemyMIR
  m_TagString: Untagged
  m_Icon: {fileID: 0}
  m_NavMeshLayer: 0
  m_StaticEditorFlags: 0
  m_IsActive: 1
--- !u!4 &957299547047608686
Transform:
  m_ObjectHideFlags: 0
  m_CorrespondingSourceObject: {fileID: 0}
  m_PrefabInstance: {fileID: 0}
  m_PrefabAsset: {fileID: 0}
  m_GameObject: {fileID: 957299547047608680}
  m_LocalRotation: {x: 0, y: 0, z: 0, w: 1}
  m_LocalPosition: {x: 0, y: 0, z: 0}
  m_LocalScale: {x: 1, y: 1, z: 1}
  m_ConstrainProportionsScale: 0
  m_Children:
  - {fileID: 1059925176281065554}
  - {fileID: 5038621592710251456}
  - {fileID: 3347032508180764582}
  m_Father: {fileID: 0}
  m_RootOrder: 0
  m_LocalEulerAnglesHint: {x: 0, y: 0, z: 0}
--- !u!136 &957299547047608687
CapsuleCollider:
  m_ObjectHideFlags: 0
  m_CorrespondingSourceObject: {fileID: 0}
  m_PrefabInstance: {fileID: 0}
  m_PrefabAsset: {fileID: 0}
  m_GameObject: {fileID: 957299547047608680}
  m_Material: {fileID: 0}
  m_IsTrigger: 0
  m_Enabled: 1
  m_Radius: 0.4
  m_Height: 2
  m_Direction: 1
  m_Center: {x: 0, y: 1, z: 0}
--- !u!114 &53871926818398058
MonoBehaviour:
  m_ObjectHideFlags: 0
  m_CorrespondingSourceObject: {fileID: 0}
  m_PrefabInstance: {fileID: 0}
  m_PrefabAsset: {fileID: 0}
  m_GameObject: {fileID: 957299547047608680}
  m_Enabled: 1
  m_EditorHideFlags: 0
  m_Script: {fileID: 11500000, guid: 64334a7549ace6b489457759c923964e, type: 3}
  m_Name: 
  m_EditorClassIdentifier: 
  OnHit:
    m_PersistentCalls:
      m_Calls: []
--- !u!114 &650064393079633908
MonoBehaviour:
  m_ObjectHideFlags: 0
  m_CorrespondingSourceObject: {fileID: 0}
  m_PrefabInstance: {fileID: 0}
  m_PrefabAsset: {fileID: 0}
  m_GameObject: {fileID: 957299547047608680}
  m_Enabled: 0
  m_EditorHideFlags: 0
  m_Script: {fileID: 11500000, guid: 77fbc82eeeca5ac47a3c11fb3ced15af, type: 3}
  m_Name: 
  m_EditorClassIdentifier: 
--- !u!114 &6141492178620656100
MonoBehaviour:
  m_ObjectHideFlags: 0
  m_CorrespondingSourceObject: {fileID: 0}
  m_PrefabInstance: {fileID: 0}
  m_PrefabAsset: {fileID: 0}
  m_GameObject: {fileID: 957299547047608680}
  m_Enabled: 1
  m_EditorHideFlags: 0
  m_Script: {fileID: 11500000, guid: ee869f656366221439a9f18ee0c34b0f, type: 3}
  m_Name: 
  m_EditorClassIdentifier: 
  TargetList: []
  Target: {fileID: 0}
  TargetHostile: 1
  agent: {fileID: 0}
  destination: {x: 0, y: 0, z: 0}
  SafeDistance: 6
  IsDead: 0
  EnemyGun: {fileID: 3697026369931162119}
--- !u!195 &1802770121345193302
NavMeshAgent:
  m_ObjectHideFlags: 0
  m_CorrespondingSourceObject: {fileID: 0}
  m_PrefabInstance: {fileID: 0}
  m_PrefabAsset: {fileID: 0}
  m_GameObject: {fileID: 957299547047608680}
  m_Enabled: 1
  m_AgentTypeID: 0
  m_Radius: 0.35
  m_Speed: 6
  m_Acceleration: 8
  avoidancePriority: 50
  m_AngularSpeed: 120
  m_StoppingDistance: 0
  m_AutoTraverseOffMeshLink: 1
  m_AutoBraking: 1
  m_AutoRepath: 1
  m_Height: 2
  m_BaseOffset: 0
  m_WalkableMask: 4294967295
  m_ObstacleAvoidanceType: 4
--- !u!114 &4485841352503362285
MonoBehaviour:
  m_ObjectHideFlags: 0
  m_CorrespondingSourceObject: {fileID: 0}
  m_PrefabInstance: {fileID: 0}
  m_PrefabAsset: {fileID: 0}
  m_GameObject: {fileID: 957299547047608680}
  m_Enabled: 1
  m_EditorHideFlags: 0
  m_Script: {fileID: 11500000, guid: f9b7ee7fdc0f2e04caa8dd5658bf8f72, type: 3}
  m_Name: 
  m_EditorClassIdentifier: 
  Animator: {fileID: 8688323847515098588}
--- !u!114 &4404860586168669309
MonoBehaviour:
  m_ObjectHideFlags: 0
  m_CorrespondingSourceObject: {fileID: 0}
  m_PrefabInstance: {fileID: 0}
  m_PrefabAsset: {fileID: 0}
  m_GameObject: {fileID: 957299547047608680}
  m_Enabled: 1
  m_EditorHideFlags: 0
  m_Script: {fileID: 11500000, guid: 19056f3b4cc60754bb21cf6cc696a162, type: 3}
  m_Name: 
  m_EditorClassIdentifier: 
  OnDeath:
    m_PersistentCalls:
      m_Calls: []
  OnDamage:
    m_PersistentCalls:
      m_Calls: []
  MaxHealth: 20
  CurrentHealth: 20
  IsPlayer: 0
--- !u!54 &-7183834208562360646
Rigidbody:
  m_ObjectHideFlags: 0
  m_CorrespondingSourceObject: {fileID: 0}
  m_PrefabInstance: {fileID: 0}
  m_PrefabAsset: {fileID: 0}
  m_GameObject: {fileID: 957299547047608680}
  serializedVersion: 2
  m_Mass: 1
  m_Drag: 1000
  m_AngularDrag: 0.05
  m_UseGravity: 0
  m_IsKinematic: 1
  m_Interpolate: 0
  m_Constraints: 0
  m_CollisionDetection: 0
--- !u!1 &1062527784807913816
GameObject:
  m_ObjectHideFlags: 0
  m_CorrespondingSourceObject: {fileID: 0}
  m_PrefabInstance: {fileID: 0}
  m_PrefabAsset: {fileID: 0}
  serializedVersion: 6
  m_Component:
  - component: {fileID: 8542332163909378099}
  m_Layer: 12
  m_Name: Barrel
  m_TagString: Untagged
  m_Icon: {fileID: 0}
  m_NavMeshLayer: 0
  m_StaticEditorFlags: 0
  m_IsActive: 1
--- !u!4 &8542332163909378099
Transform:
  m_ObjectHideFlags: 0
  m_CorrespondingSourceObject: {fileID: 0}
  m_PrefabInstance: {fileID: 0}
  m_PrefabAsset: {fileID: 0}
  m_GameObject: {fileID: 1062527784807913816}
  m_LocalRotation: {x: 0, y: 0, z: 0, w: 1}
  m_LocalPosition: {x: 0, y: 1.408, z: 0.68}
  m_LocalScale: {x: 1, y: 1, z: 1}
  m_ConstrainProportionsScale: 0
  m_Children: []
  m_Father: {fileID: 5038621592710251456}
  m_RootOrder: 0
  m_LocalEulerAnglesHint: {x: 0, y: 0, z: 0}
--- !u!1 &3377033903048028919
GameObject:
  m_ObjectHideFlags: 0
  m_CorrespondingSourceObject: {fileID: 0}
  m_PrefabInstance: {fileID: 0}
  m_PrefabAsset: {fileID: 0}
  serializedVersion: 6
  m_Component:
  - component: {fileID: 5038621592710251456}
  - component: {fileID: 3697026369931162119}
  m_Layer: 12
  m_Name: Gun
  m_TagString: Untagged
  m_Icon: {fileID: 0}
  m_NavMeshLayer: 0
  m_StaticEditorFlags: 0
  m_IsActive: 1
--- !u!4 &5038621592710251456
Transform:
  m_ObjectHideFlags: 0
  m_CorrespondingSourceObject: {fileID: 0}
  m_PrefabInstance: {fileID: 0}
  m_PrefabAsset: {fileID: 0}
  m_GameObject: {fileID: 3377033903048028919}
  m_LocalRotation: {x: -0, y: -0, z: -0, w: 1}
  m_LocalPosition: {x: 0, y: 0, z: 0}
  m_LocalScale: {x: 1, y: 1, z: 1}
  m_ConstrainProportionsScale: 0
  m_Children:
  - {fileID: 8542332163909378099}
  m_Father: {fileID: 957299547047608686}
  m_RootOrder: 1
  m_LocalEulerAnglesHint: {x: 0, y: 0, z: 0}
--- !u!114 &3697026369931162119
MonoBehaviour:
  m_ObjectHideFlags: 0
  m_CorrespondingSourceObject: {fileID: 0}
  m_PrefabInstance: {fileID: 0}
  m_PrefabAsset: {fileID: 0}
  m_GameObject: {fileID: 3377033903048028919}
  m_Enabled: 1
  m_EditorHideFlags: 0
  m_Script: {fileID: 11500000, guid: 3c0baa2778d7ace4bbfafbfb12a0b327, type: 3}
  m_Name: 
  m_EditorClassIdentifier: 
  Bullet: {fileID: 6278426837470742302, guid: a0d3cbe2a8c86e448b0f2a1354665a4d, type: 3}
  Barrel: {fileID: 8542332163909378099}
  Cooldown: 0.2
  BulletForce: 1000
  GunFlashParticles: {fileID: 3943551760534948583, guid: bf736c1cc87ad3744b2f37410d7d3a7a, type: 3}
  BulletDamage: 2
  MaxAngleDiviation: 0
  ProjectileCount: 1
  ProjectileGapAngle: 0.01
  ProjectileLifespan: 10
  MagazineCapacity: 7
  RemainingBullets: 0
  ReloadTime: 1
  ReloadCounter: 0
  IdleTimeReload: 10
  IdleReloadCounter: 0
  Shotgun: 0
--- !u!1 &8019272412129196314
GameObject:
  m_ObjectHideFlags: 0
  m_CorrespondingSourceObject: {fileID: 0}
  m_PrefabInstance: {fileID: 0}
  m_PrefabAsset: {fileID: 0}
  serializedVersion: 6
  m_Component:
  - component: {fileID: 1059925176281065554}
  - component: {fileID: 4225441898839024482}
  - component: {fileID: 2715460467360257911}
  m_Layer: 12
  m_Name: Capsule
  m_TagString: Untagged
  m_Icon: {fileID: 0}
  m_NavMeshLayer: 0
  m_StaticEditorFlags: 0
  m_IsActive: 0
--- !u!4 &1059925176281065554
Transform:
  m_ObjectHideFlags: 0
  m_CorrespondingSourceObject: {fileID: 0}
  m_PrefabInstance: {fileID: 0}
  m_PrefabAsset: {fileID: 0}
  m_GameObject: {fileID: 8019272412129196314}
  m_LocalRotation: {x: 0, y: 0, z: 0, w: 1}
  m_LocalPosition: {x: 0, y: 1, z: 0}
  m_LocalScale: {x: 1, y: 1, z: 1}
  m_ConstrainProportionsScale: 0
  m_Children: []
  m_Father: {fileID: 957299547047608686}
  m_RootOrder: 0
  m_LocalEulerAnglesHint: {x: 0, y: 0, z: 0}
--- !u!33 &4225441898839024482
MeshFilter:
  m_ObjectHideFlags: 0
  m_CorrespondingSourceObject: {fileID: 0}
  m_PrefabInstance: {fileID: 0}
  m_PrefabAsset: {fileID: 0}
  m_GameObject: {fileID: 8019272412129196314}
  m_Mesh: {fileID: 10208, guid: 0000000000000000e000000000000000, type: 0}
--- !u!23 &2715460467360257911
MeshRenderer:
  m_ObjectHideFlags: 0
  m_CorrespondingSourceObject: {fileID: 0}
  m_PrefabInstance: {fileID: 0}
  m_PrefabAsset: {fileID: 0}
  m_GameObject: {fileID: 8019272412129196314}
  m_Enabled: 1
  m_CastShadows: 1
  m_ReceiveShadows: 1
  m_DynamicOccludee: 1
  m_StaticShadowCaster: 0
  m_MotionVectors: 1
  m_LightProbeUsage: 1
  m_ReflectionProbeUsage: 1
  m_RayTracingMode: 2
  m_RayTraceProcedural: 0
  m_RenderingLayerMask: 1
  m_RendererPriority: 0
  m_Materials:
  - {fileID: 2100000, guid: 81c4ea1e116dd7d46ba0c12e3b7b0542, type: 2}
  m_StaticBatchInfo:
    firstSubMesh: 0
    subMeshCount: 0
  m_StaticBatchRoot: {fileID: 0}
  m_ProbeAnchor: {fileID: 0}
  m_LightProbeVolumeOverride: {fileID: 0}
  m_ScaleInLightmap: 1
  m_ReceiveGI: 1
  m_PreserveUVs: 0
  m_IgnoreNormalsForChartDetection: 0
  m_ImportantGI: 0
  m_StitchLightmapSeams: 1
  m_SelectedEditorRenderState: 3
  m_MinimumChartSize: 4
  m_AutoUVMaxDistance: 0.5
  m_AutoUVMaxAngle: 89
  m_LightmapParameters: {fileID: 0}
  m_SortingLayerID: 0
  m_SortingLayer: 0
  m_SortingOrder: 0
  m_AdditionalVertexStreams: {fileID: 0}
--- !u!1001 &3024647809425076301
PrefabInstance:
  m_ObjectHideFlags: 0
  serializedVersion: 2
  m_Modification:
    m_TransformParent: {fileID: 957299547047608686}
    m_Modifications:
    - target: {fileID: -8679921383154817045, guid: 95eb93389a1a334469a02a35c7d58aa0, type: 3}
      propertyPath: m_RootOrder
      value: 2
      objectReference: {fileID: 0}
    - target: {fileID: -8679921383154817045, guid: 95eb93389a1a334469a02a35c7d58aa0, type: 3}
      propertyPath: m_LocalPosition.x
      value: 0
      objectReference: {fileID: 0}
    - target: {fileID: -8679921383154817045, guid: 95eb93389a1a334469a02a35c7d58aa0, type: 3}
      propertyPath: m_LocalPosition.y
      value: 0
      objectReference: {fileID: 0}
    - target: {fileID: -8679921383154817045, guid: 95eb93389a1a334469a02a35c7d58aa0, type: 3}
      propertyPath: m_LocalPosition.z
      value: 0
      objectReference: {fileID: 0}
    - target: {fileID: -8679921383154817045, guid: 95eb93389a1a334469a02a35c7d58aa0, type: 3}
      propertyPath: m_LocalRotation.w
      value: 1
      objectReference: {fileID: 0}
    - target: {fileID: -8679921383154817045, guid: 95eb93389a1a334469a02a35c7d58aa0, type: 3}
      propertyPath: m_LocalRotation.x
      value: 0
      objectReference: {fileID: 0}
    - target: {fileID: -8679921383154817045, guid: 95eb93389a1a334469a02a35c7d58aa0, type: 3}
      propertyPath: m_LocalRotation.y
      value: 0
      objectReference: {fileID: 0}
    - target: {fileID: -8679921383154817045, guid: 95eb93389a1a334469a02a35c7d58aa0, type: 3}
      propertyPath: m_LocalRotation.z
      value: 0
      objectReference: {fileID: 0}
    - target: {fileID: -8679921383154817045, guid: 95eb93389a1a334469a02a35c7d58aa0, type: 3}
      propertyPath: m_LocalEulerAnglesHint.x
      value: 0
      objectReference: {fileID: 0}
    - target: {fileID: -8679921383154817045, guid: 95eb93389a1a334469a02a35c7d58aa0, type: 3}
      propertyPath: m_LocalEulerAnglesHint.y
      value: 0
      objectReference: {fileID: 0}
    - target: {fileID: -8679921383154817045, guid: 95eb93389a1a334469a02a35c7d58aa0, type: 3}
      propertyPath: m_LocalEulerAnglesHint.z
      value: 0
      objectReference: {fileID: 0}
    - target: {fileID: -8428932836721134236, guid: 95eb93389a1a334469a02a35c7d58aa0, type: 3}
      propertyPath: m_Layer
      value: 12
      objectReference: {fileID: 0}
    - target: {fileID: -8163920428466080447, guid: 95eb93389a1a334469a02a35c7d58aa0, type: 3}
      propertyPath: m_Layer
      value: 12
      objectReference: {fileID: 0}
    - target: {fileID: -8015831284081402368, guid: 95eb93389a1a334469a02a35c7d58aa0, type: 3}
      propertyPath: m_Layer
      value: 12
      objectReference: {fileID: 0}
    - target: {fileID: -7893090264504722844, guid: 95eb93389a1a334469a02a35c7d58aa0, type: 3}
      propertyPath: m_Layer
      value: 12
      objectReference: {fileID: 0}
    - target: {fileID: -7885331941583819174, guid: 95eb93389a1a334469a02a35c7d58aa0, type: 3}
      propertyPath: m_Layer
      value: 12
      objectReference: {fileID: 0}
    - target: {fileID: -7683880147793049712, guid: 95eb93389a1a334469a02a35c7d58aa0, type: 3}
      propertyPath: m_Layer
      value: 12
      objectReference: {fileID: 0}
    - target: {fileID: -7279977735950862912, guid: 95eb93389a1a334469a02a35c7d58aa0, type: 3}
      propertyPath: m_Layer
      value: 12
      objectReference: {fileID: 0}
    - target: {fileID: -6908143906197179732, guid: 95eb93389a1a334469a02a35c7d58aa0, type: 3}
      propertyPath: m_Layer
      value: 12
      objectReference: {fileID: 0}
    - target: {fileID: -6902363694386942877, guid: 95eb93389a1a334469a02a35c7d58aa0, type: 3}
      propertyPath: m_Layer
      value: 12
      objectReference: {fileID: 0}
    - target: {fileID: -6581583052695239150, guid: 95eb93389a1a334469a02a35c7d58aa0, type: 3}
      propertyPath: m_Layer
      value: 12
      objectReference: {fileID: 0}
    - target: {fileID: -6012000683154691502, guid: 95eb93389a1a334469a02a35c7d58aa0, type: 3}
      propertyPath: m_Layer
      value: 12
      objectReference: {fileID: 0}
    - target: {fileID: -5991979633207472850, guid: 95eb93389a1a334469a02a35c7d58aa0, type: 3}
      propertyPath: m_Layer
      value: 12
      objectReference: {fileID: 0}
    - target: {fileID: -5943452076670551242, guid: 95eb93389a1a334469a02a35c7d58aa0, type: 3}
      propertyPath: m_Layer
      value: 12
      objectReference: {fileID: 0}
    - target: {fileID: -5881248713143990253, guid: 95eb93389a1a334469a02a35c7d58aa0, type: 3}
      propertyPath: m_Layer
      value: 12
      objectReference: {fileID: 0}
    - target: {fileID: -5303731958421611224, guid: 95eb93389a1a334469a02a35c7d58aa0, type: 3}
      propertyPath: m_Layer
      value: 12
      objectReference: {fileID: 0}
    - target: {fileID: -5159244948394381095, guid: 95eb93389a1a334469a02a35c7d58aa0, type: 3}
      propertyPath: m_Layer
      value: 12
      objectReference: {fileID: 0}
    - target: {fileID: -4940722191086748017, guid: 95eb93389a1a334469a02a35c7d58aa0, type: 3}
      propertyPath: m_Layer
      value: 12
      objectReference: {fileID: 0}
    - target: {fileID: -3962829934007656617, guid: 95eb93389a1a334469a02a35c7d58aa0, type: 3}
      propertyPath: m_Layer
      value: 12
      objectReference: {fileID: 0}
    - target: {fileID: -3289081016891372511, guid: 95eb93389a1a334469a02a35c7d58aa0, type: 3}
      propertyPath: m_Layer
      value: 12
      objectReference: {fileID: 0}
    - target: {fileID: -2960892815522094037, guid: 95eb93389a1a334469a02a35c7d58aa0, type: 3}
      propertyPath: m_Layer
      value: 12
      objectReference: {fileID: 0}
    - target: {fileID: -2751731883056924115, guid: 95eb93389a1a334469a02a35c7d58aa0, type: 3}
      propertyPath: m_Layer
      value: 12
      objectReference: {fileID: 0}
    - target: {fileID: -1728631569855118383, guid: 95eb93389a1a334469a02a35c7d58aa0, type: 3}
      propertyPath: m_Layer
      value: 12
      objectReference: {fileID: 0}
    - target: {fileID: -1398890780813263341, guid: 95eb93389a1a334469a02a35c7d58aa0, type: 3}
      propertyPath: m_Layer
      value: 12
      objectReference: {fileID: 0}
    - target: {fileID: -656601781028222037, guid: 95eb93389a1a334469a02a35c7d58aa0, type: 3}
      propertyPath: m_Layer
      value: 12
      objectReference: {fileID: 0}
    - target: {fileID: -254994899194871804, guid: 95eb93389a1a334469a02a35c7d58aa0, type: 3}
      propertyPath: m_Layer
      value: 12
      objectReference: {fileID: 0}
    - target: {fileID: -73647053410161234, guid: 95eb93389a1a334469a02a35c7d58aa0, type: 3}
      propertyPath: m_Layer
      value: 12
      objectReference: {fileID: 0}
    - target: {fileID: -32066547376525786, guid: 95eb93389a1a334469a02a35c7d58aa0, type: 3}
      propertyPath: m_Layer
      value: 12
      objectReference: {fileID: 0}
    - target: {fileID: -29063128934821793, guid: 95eb93389a1a334469a02a35c7d58aa0, type: 3}
      propertyPath: m_Layer
      value: 12
      objectReference: {fileID: 0}
    - target: {fileID: 425194378734157144, guid: 95eb93389a1a334469a02a35c7d58aa0, type: 3}
      propertyPath: m_UpdateWhenOffscreen
      value: 1
      objectReference: {fileID: 0}
    - target: {fileID: 425194378734157144, guid: 95eb93389a1a334469a02a35c7d58aa0, type: 3}
      propertyPath: m_Materials.Array.data[0]
      value: 
      objectReference: {fileID: 2100000, guid: c4e9bbad9cb945b4290a685d886dac63, type: 2}
    - target: {fileID: 602119825839683340, guid: 95eb93389a1a334469a02a35c7d58aa0, type: 3}
      propertyPath: m_Layer
      value: 12
      objectReference: {fileID: 0}
    - target: {fileID: 836823897472693063, guid: 95eb93389a1a334469a02a35c7d58aa0, type: 3}
      propertyPath: m_Layer
      value: 12
      objectReference: {fileID: 0}
    - target: {fileID: 919132149155446097, guid: 95eb93389a1a334469a02a35c7d58aa0, type: 3}
      propertyPath: m_Name
      value: MIB_Base_ani_GO
      objectReference: {fileID: 0}
    - target: {fileID: 919132149155446097, guid: 95eb93389a1a334469a02a35c7d58aa0, type: 3}
      propertyPath: m_Layer
      value: 12
      objectReference: {fileID: 0}
    - target: {fileID: 1076902631412322741, guid: 95eb93389a1a334469a02a35c7d58aa0, type: 3}
      propertyPath: m_Layer
      value: 12
      objectReference: {fileID: 0}
    - target: {fileID: 1134667869209914209, guid: 95eb93389a1a334469a02a35c7d58aa0, type: 3}
      propertyPath: m_Layer
      value: 12
      objectReference: {fileID: 0}
    - target: {fileID: 1584118656193389781, guid: 95eb93389a1a334469a02a35c7d58aa0, type: 3}
      propertyPath: m_Layer
      value: 12
      objectReference: {fileID: 0}
    - target: {fileID: 2178719169097665070, guid: 95eb93389a1a334469a02a35c7d58aa0, type: 3}
      propertyPath: m_Layer
      value: 12
      objectReference: {fileID: 0}
    - target: {fileID: 2400176966602566306, guid: 95eb93389a1a334469a02a35c7d58aa0, type: 3}
      propertyPath: m_Layer
      value: 12
      objectReference: {fileID: 0}
    - target: {fileID: 2825583588959935876, guid: 95eb93389a1a334469a02a35c7d58aa0, type: 3}
      propertyPath: m_Layer
      value: 12
      objectReference: {fileID: 0}
    - target: {fileID: 2828377187159956357, guid: 95eb93389a1a334469a02a35c7d58aa0, type: 3}
      propertyPath: m_Layer
      value: 12
      objectReference: {fileID: 0}
    - target: {fileID: 2916880345997004709, guid: 95eb93389a1a334469a02a35c7d58aa0, type: 3}
      propertyPath: m_Layer
      value: 12
      objectReference: {fileID: 0}
    - target: {fileID: 2919841195583386639, guid: 95eb93389a1a334469a02a35c7d58aa0, type: 3}
      propertyPath: m_Layer
      value: 12
      objectReference: {fileID: 0}
    - target: {fileID: 2997546255002569506, guid: 95eb93389a1a334469a02a35c7d58aa0, type: 3}
      propertyPath: m_Layer
      value: 12
      objectReference: {fileID: 0}
    - target: {fileID: 3422121919753006062, guid: 95eb93389a1a334469a02a35c7d58aa0, type: 3}
      propertyPath: m_Layer
      value: 12
      objectReference: {fileID: 0}
    - target: {fileID: 3438020223395827427, guid: 95eb93389a1a334469a02a35c7d58aa0, type: 3}
      propertyPath: m_Layer
      value: 12
      objectReference: {fileID: 0}
    - target: {fileID: 3593989270482639753, guid: 95eb93389a1a334469a02a35c7d58aa0, type: 3}
      propertyPath: m_Layer
      value: 12
      objectReference: {fileID: 0}
    - target: {fileID: 3694719587316178705, guid: 95eb93389a1a334469a02a35c7d58aa0, type: 3}
      propertyPath: m_Layer
      value: 12
      objectReference: {fileID: 0}
    - target: {fileID: 5094120792167284203, guid: 95eb93389a1a334469a02a35c7d58aa0, type: 3}
      propertyPath: m_Layer
      value: 12
      objectReference: {fileID: 0}
    - target: {fileID: 5175845956593986037, guid: 95eb93389a1a334469a02a35c7d58aa0, type: 3}
      propertyPath: m_Layer
      value: 12
      objectReference: {fileID: 0}
    - target: {fileID: 5262353084129523490, guid: 95eb93389a1a334469a02a35c7d58aa0, type: 3}
      propertyPath: m_Layer
      value: 12
      objectReference: {fileID: 0}
    - target: {fileID: 5686859246867598709, guid: 95eb93389a1a334469a02a35c7d58aa0, type: 3}
      propertyPath: m_Layer
      value: 12
      objectReference: {fileID: 0}
    - target: {fileID: 5866666021909216657, guid: 95eb93389a1a334469a02a35c7d58aa0, type: 3}
      propertyPath: m_Controller
      value: 
      objectReference: {fileID: 9100000, guid: 9bd3dbb255fd07649a3c2eb762416e87, type: 2}
    - target: {fileID: 5866666021909216657, guid: 95eb93389a1a334469a02a35c7d58aa0, type: 3}
      propertyPath: m_ApplyRootMotion
      value: 0
      objectReference: {fileID: 0}
    - target: {fileID: 6140945483460382934, guid: 95eb93389a1a334469a02a35c7d58aa0, type: 3}
      propertyPath: m_Layer
      value: 12
      objectReference: {fileID: 0}
    - target: {fileID: 6141519237588137040, guid: 95eb93389a1a334469a02a35c7d58aa0, type: 3}
      propertyPath: m_Layer
      value: 12
      objectReference: {fileID: 0}
    - target: {fileID: 6246428409924869266, guid: 95eb93389a1a334469a02a35c7d58aa0, type: 3}
      propertyPath: m_Layer
      value: 12
      objectReference: {fileID: 0}
    - target: {fileID: 6307969480302931213, guid: 95eb93389a1a334469a02a35c7d58aa0, type: 3}
      propertyPath: m_Layer
      value: 12
      objectReference: {fileID: 0}
    - target: {fileID: 6364819230306260835, guid: 95eb93389a1a334469a02a35c7d58aa0, type: 3}
      propertyPath: m_Layer
      value: 12
      objectReference: {fileID: 0}
    - target: {fileID: 6723241161203029267, guid: 95eb93389a1a334469a02a35c7d58aa0, type: 3}
      propertyPath: m_UpdateWhenOffscreen
      value: 1
      objectReference: {fileID: 0}
    - target: {fileID: 6723241161203029267, guid: 95eb93389a1a334469a02a35c7d58aa0, type: 3}
      propertyPath: m_Materials.Array.data[1]
      value: 
      objectReference: {fileID: 2100000, guid: c4e9bbad9cb945b4290a685d886dac63, type: 2}
    - target: {fileID: 7047215162463256972, guid: 95eb93389a1a334469a02a35c7d58aa0, type: 3}
      propertyPath: m_Layer
      value: 12
      objectReference: {fileID: 0}
    - target: {fileID: 7316080188812307246, guid: 95eb93389a1a334469a02a35c7d58aa0, type: 3}
      propertyPath: m_Layer
      value: 12
      objectReference: {fileID: 0}
    - target: {fileID: 7455347234757765748, guid: 95eb93389a1a334469a02a35c7d58aa0, type: 3}
      propertyPath: m_UpdateWhenOffscreen
      value: 1
      objectReference: {fileID: 0}
    - target: {fileID: 7554147251611292846, guid: 95eb93389a1a334469a02a35c7d58aa0, type: 3}
      propertyPath: m_Layer
      value: 12
      objectReference: {fileID: 0}
    - target: {fileID: 7896747886927333905, guid: 95eb93389a1a334469a02a35c7d58aa0, type: 3}
      propertyPath: m_Layer
      value: 12
      objectReference: {fileID: 0}
    - target: {fileID: 8153101253863224186, guid: 95eb93389a1a334469a02a35c7d58aa0, type: 3}
      propertyPath: m_UpdateWhenOffscreen
      value: 1
      objectReference: {fileID: 0}
    - target: {fileID: 8500043808444397526, guid: 95eb93389a1a334469a02a35c7d58aa0, type: 3}
      propertyPath: m_Layer
      value: 12
      objectReference: {fileID: 0}
    - target: {fileID: 8506025470576520613, guid: 95eb93389a1a334469a02a35c7d58aa0, type: 3}
      propertyPath: m_Layer
      value: 12
      objectReference: {fileID: 0}
    - target: {fileID: 8513859187771203891, guid: 95eb93389a1a334469a02a35c7d58aa0, type: 3}
      propertyPath: m_Layer
      value: 12
      objectReference: {fileID: 0}
    - target: {fileID: 8584680349519001322, guid: 95eb93389a1a334469a02a35c7d58aa0, type: 3}
      propertyPath: m_Layer
      value: 12
      objectReference: {fileID: 0}
    - target: {fileID: 8627745456459960029, guid: 95eb93389a1a334469a02a35c7d58aa0, type: 3}
      propertyPath: m_Layer
      value: 12
      objectReference: {fileID: 0}
    - target: {fileID: 8818183234322615273, guid: 95eb93389a1a334469a02a35c7d58aa0, type: 3}
      propertyPath: m_Layer
      value: 12
      objectReference: {fileID: 0}
    m_RemovedComponents: []
  m_SourcePrefab: {fileID: 100100000, guid: 95eb93389a1a334469a02a35c7d58aa0, type: 3}
--- !u!4 &3347032508180764582 stripped
Transform:
  m_CorrespondingSourceObject: {fileID: -8679921383154817045, guid: 95eb93389a1a334469a02a35c7d58aa0, type: 3}
  m_PrefabInstance: {fileID: 3024647809425076301}
  m_PrefabAsset: {fileID: 0}
--- !u!95 &8688323847515098588 stripped
Animator:
  m_CorrespondingSourceObject: {fileID: 5866666021909216657, guid: 95eb93389a1a334469a02a35c7d58aa0, type: 3}
  m_PrefabInstance: {fileID: 3024647809425076301}
  m_PrefabAsset: {fileID: 0}
