%YAML 1.1
%TAG !u! tag:unity3d.com,2011:
--- !u!1 &3365299033263611110
GameObject:
  m_ObjectHideFlags: 0
  m_CorrespondingSourceObject: {fileID: 0}
  m_PrefabInstance: {fileID: 0}
  m_PrefabAsset: {fileID: 0}
  serializedVersion: 6
  m_Component:
  - component: {fileID: 1863119307158695828}
  m_Layer: 15
  m_Name: GameObject
  m_TagString: Untagged
  m_Icon: {fileID: 0}
  m_NavMeshLayer: 0
  m_StaticEditorFlags: 0
  m_IsActive: 1
--- !u!4 &1863119307158695828
Transform:
  m_ObjectHideFlags: 0
  m_CorrespondingSourceObject: {fileID: 0}
  m_PrefabInstance: {fileID: 0}
  m_PrefabAsset: {fileID: 0}
  m_GameObject: {fileID: 3365299033263611110}
  m_LocalRotation: {x: 0.20396385, y: -0.88383764, z: 0.4010208, w: -0.1281094}
  m_LocalPosition: {x: 0.0967984, y: 0.19995049, z: -0.0055667907}
  m_LocalScale: {x: 1, y: 1, z: 1}
  m_ConstrainProportionsScale: 0
  m_Children:
  - {fileID: 7514257823110263602}
  - {fileID: 6916291114931114587}
  m_Father: {fileID: 3746322117024515237}
  m_RootOrder: 0
  m_LocalEulerAnglesHint: {x: 0, y: -216.292, z: 0}
--- !u!1 &3764096524545601003
GameObject:
  m_ObjectHideFlags: 0
  m_CorrespondingSourceObject: {fileID: 0}
  m_PrefabInstance: {fileID: 0}
  m_PrefabAsset: {fileID: 0}
  serializedVersion: 6
  m_Component:
  - component: {fileID: 3746322117024515237}
  m_Layer: 15
  m_Name: GameObject (1)
  m_TagString: Untagged
  m_Icon: {fileID: 0}
  m_NavMeshLayer: 0
  m_StaticEditorFlags: 0
  m_IsActive: 1
--- !u!4 &3746322117024515237
Transform:
  m_ObjectHideFlags: 0
  m_CorrespondingSourceObject: {fileID: 0}
  m_PrefabInstance: {fileID: 0}
  m_PrefabAsset: {fileID: 0}
  m_GameObject: {fileID: 3764096524545601003}
  m_LocalRotation: {x: 0, y: 0, z: 0, w: 1}
  m_LocalPosition: {x: 0, y: 0, z: 0}
  m_LocalScale: {x: 1, y: 1, z: 1}
  m_ConstrainProportionsScale: 0
  m_Children:
  - {fileID: 1863119307158695828}
  m_Father: {fileID: 410886536673800827}
  m_RootOrder: 3
  m_LocalEulerAnglesHint: {x: 0, y: 0, z: 0}
--- !u!1 &7634915566736539132
GameObject:
  m_ObjectHideFlags: 0
  m_CorrespondingSourceObject: {fileID: 0}
  m_PrefabInstance: {fileID: 0}
  m_PrefabAsset: {fileID: 0}
  serializedVersion: 6
  m_Component:
  - component: {fileID: 8951900119634291393}
  - component: {fileID: 5161378951072654045}
  m_Layer: 0
  m_Name: HitSFX
  m_TagString: Untagged
  m_Icon: {fileID: 0}
  m_NavMeshLayer: 0
  m_StaticEditorFlags: 0
  m_IsActive: 1
--- !u!4 &8951900119634291393
Transform:
  m_ObjectHideFlags: 0
  m_CorrespondingSourceObject: {fileID: 0}
  m_PrefabInstance: {fileID: 0}
  m_PrefabAsset: {fileID: 0}
  m_GameObject: {fileID: 7634915566736539132}
  m_LocalRotation: {x: -0, y: -0, z: -0, w: 1}
  m_LocalPosition: {x: 0.00815928, y: 0.95876384, z: 0.122293636}
  m_LocalScale: {x: 1, y: 1, z: 1}
  m_ConstrainProportionsScale: 0
  m_Children: []
  m_Father: {fileID: 4362981164767522197}
  m_RootOrder: 3
  m_LocalEulerAnglesHint: {x: 0, y: 0, z: 0}
--- !u!114 &5161378951072654045
MonoBehaviour:
  m_ObjectHideFlags: 0
  m_CorrespondingSourceObject: {fileID: 0}
  m_PrefabInstance: {fileID: 0}
  m_PrefabAsset: {fileID: 0}
  m_GameObject: {fileID: 7634915566736539132}
  m_Enabled: 1
  m_EditorHideFlags: 0
  m_Script: {fileID: 11500000, guid: 9a6610d2e704f1648819acc8d7460285, type: 3}
  m_Name: 
  m_EditorClassIdentifier: 
  CollisionTag: 
  EventReference:
    Guid:
      Data1: 730360623
      Data2: 1298667300
      Data3: 236203966
      Data4: -1916079217
    Path: event:/SFX/hit_suit
  Event: 
  PlayEvent: 0
  StopEvent: 0
  AllowFadeout: 1
  TriggerOnce: 0
  Preload: 0
  Params: []
  OverrideAttenuation: 0
  OverrideMinDistance: 1
  OverrideMaxDistance: 20
--- !u!1 &8185108864597263118
GameObject:
  m_ObjectHideFlags: 0
  m_CorrespondingSourceObject: {fileID: 0}
  m_PrefabInstance: {fileID: 0}
  m_PrefabAsset: {fileID: 0}
  serializedVersion: 6
  m_Component:
  - component: {fileID: 7514257823110263602}
  - component: {fileID: 4808381243375490793}
  - component: {fileID: 8998509455895296609}
  m_Layer: 0
  m_Name: Laser
  m_TagString: Untagged
  m_Icon: {fileID: 0}
  m_NavMeshLayer: 0
  m_StaticEditorFlags: 0
  m_IsActive: 1
--- !u!4 &7514257823110263602
Transform:
  m_ObjectHideFlags: 0
  m_CorrespondingSourceObject: {fileID: 0}
  m_PrefabInstance: {fileID: 0}
  m_PrefabAsset: {fileID: 0}
  m_GameObject: {fileID: 8185108864597263118}
  m_LocalRotation: {x: 0, y: 1, z: 0, w: 0}
  m_LocalPosition: {x: -0.55, y: -0, z: -0}
  m_LocalScale: {x: 1, y: 1, z: 1}
  m_ConstrainProportionsScale: 0
  m_Children: []
  m_Father: {fileID: 1863119307158695828}
  m_RootOrder: 0
  m_LocalEulerAnglesHint: {x: 0, y: 180, z: 0}
--- !u!120 &4808381243375490793
LineRenderer:
  m_ObjectHideFlags: 0
  m_CorrespondingSourceObject: {fileID: 0}
  m_PrefabInstance: {fileID: 0}
  m_PrefabAsset: {fileID: 0}
  m_GameObject: {fileID: 8185108864597263118}
  m_Enabled: 1
  m_CastShadows: 1
  m_ReceiveShadows: 1
  m_DynamicOccludee: 1
  m_StaticShadowCaster: 0
  m_MotionVectors: 0
  m_LightProbeUsage: 0
  m_ReflectionProbeUsage: 0
  m_RayTracingMode: 0
  m_RayTraceProcedural: 0
  m_RenderingLayerMask: 1
  m_RendererPriority: 0
  m_Materials:
  - {fileID: 2100000, guid: 24aaf10c70bf11043ad4cfc110a65d4e, type: 2}
  m_StaticBatchInfo:
    firstSubMesh: 0
    subMeshCount: 0
  m_StaticBatchRoot: {fileID: 0}
  m_ProbeAnchor: {fileID: 0}
  m_LightProbeVolumeOverride: {fileID: 0}
  m_ScaleInLightmap: 1
  m_ReceiveGI: 1
  m_PreserveUVs: 0
  m_IgnoreNormalsForChartDetection: 0
  m_ImportantGI: 0
  m_StitchLightmapSeams: 1
  m_SelectedEditorRenderState: 3
  m_MinimumChartSize: 4
  m_AutoUVMaxDistance: 0.5
  m_AutoUVMaxAngle: 89
  m_LightmapParameters: {fileID: 0}
  m_SortingLayerID: 0
  m_SortingLayer: 0
  m_SortingOrder: 0
  m_Positions:
  - {x: 0, y: 0, z: 0}
  - {x: 7.58, y: 0, z: 0}
  m_Parameters:
    serializedVersion: 3
    widthMultiplier: 0.1
    widthCurve:
      serializedVersion: 2
      m_Curve:
      - serializedVersion: 3
        time: 0
        value: 1
        inSlope: 0
        outSlope: 0
        tangentMode: 0
        weightedMode: 0
        inWeight: 0.33333334
        outWeight: 0.33333334
      m_PreInfinity: 2
      m_PostInfinity: 2
      m_RotationOrder: 4
    colorGradient:
      serializedVersion: 2
      key0: {r: 1, g: 0, b: 0, a: 1}
      key1: {r: 1, g: 0, b: 0, a: 1}
      key2: {r: 0, g: 0, b: 0, a: 0}
      key3: {r: 0, g: 0, b: 0, a: 0}
      key4: {r: 0, g: 0, b: 0, a: 0}
      key5: {r: 0, g: 0, b: 0, a: 0}
      key6: {r: 0, g: 0, b: 0, a: 0}
      key7: {r: 0, g: 0, b: 0, a: 0}
      ctime0: 0
      ctime1: 65535
      ctime2: 0
      ctime3: 0
      ctime4: 0
      ctime5: 0
      ctime6: 0
      ctime7: 0
      atime0: 0
      atime1: 65535
      atime2: 0
      atime3: 0
      atime4: 0
      atime5: 0
      atime6: 0
      atime7: 0
      m_Mode: 0
      m_NumColorKeys: 2
      m_NumAlphaKeys: 2
    numCornerVertices: 0
    numCapVertices: 0
    alignment: 0
    textureMode: 0
    shadowBias: 0.5
    generateLightingData: 0
  m_UseWorldSpace: 0
  m_Loop: 0
--- !u!114 &8998509455895296609
MonoBehaviour:
  m_ObjectHideFlags: 0
  m_CorrespondingSourceObject: {fileID: 0}
  m_PrefabInstance: {fileID: 0}
  m_PrefabAsset: {fileID: 0}
  m_GameObject: {fileID: 8185108864597263118}
  m_Enabled: 1
  m_EditorHideFlags: 0
  m_Script: {fileID: 11500000, guid: cd99b72537b39734daa4dbfa2c3e7573, type: 3}
  m_Name: 
  m_EditorClassIdentifier: 
  maxDistance: 20
  layerMask:
    serializedVersion: 2
    m_Bits: 6145
  gun: {fileID: 183266014843494140}
--- !u!1001 &3586394300517870843
PrefabInstance:
  m_ObjectHideFlags: 0
  serializedVersion: 2
  m_Modification:
    m_TransformParent: {fileID: 0}
    m_Modifications:
    - target: {fileID: 27260499486505839, guid: a44178215a894cc48a253ff3343a6875, type: 3}
      propertyPath: m_Layer
      value: 15
      objectReference: {fileID: 0}
    - target: {fileID: 53871926818398058, guid: a44178215a894cc48a253ff3343a6875, type: 3}
      propertyPath: OnHit.m_PersistentCalls.m_Calls.Array.size
      value: 1
      objectReference: {fileID: 0}
    - target: {fileID: 53871926818398058, guid: a44178215a894cc48a253ff3343a6875, type: 3}
      propertyPath: OnHit.m_PersistentCalls.m_Calls.Array.data[0].m_Mode
      value: 1
      objectReference: {fileID: 0}
    - target: {fileID: 53871926818398058, guid: a44178215a894cc48a253ff3343a6875, type: 3}
      propertyPath: OnHit.m_PersistentCalls.m_Calls.Array.data[0].m_Target
      value: 
      objectReference: {fileID: 5161378951072654045}
    - target: {fileID: 53871926818398058, guid: a44178215a894cc48a253ff3343a6875, type: 3}
      propertyPath: OnHit.m_PersistentCalls.m_Calls.Array.data[0].m_CallState
      value: 2
      objectReference: {fileID: 0}
    - target: {fileID: 53871926818398058, guid: a44178215a894cc48a253ff3343a6875, type: 3}
      propertyPath: OnHit.m_PersistentCalls.m_Calls.Array.data[0].m_MethodName
      value: Play
      objectReference: {fileID: 0}
    - target: {fileID: 53871926818398058, guid: a44178215a894cc48a253ff3343a6875, type: 3}
      propertyPath: OnHit.m_PersistentCalls.m_Calls.Array.data[0].m_TargetAssemblyTypeName
      value: FMODUnity.StudioEventEmitter, FMODUnity
      objectReference: {fileID: 0}
    - target: {fileID: 53871926818398058, guid: a44178215a894cc48a253ff3343a6875, type: 3}
      propertyPath: OnHit.m_PersistentCalls.m_Calls.Array.data[0].m_Arguments.m_ObjectArgumentAssemblyTypeName
      value: UnityEngine.Object, UnityEngine
      objectReference: {fileID: 0}
    - target: {fileID: 107216886273229890, guid: a44178215a894cc48a253ff3343a6875, type: 3}
      propertyPath: m_Layer
      value: 15
      objectReference: {fileID: 0}
    - target: {fileID: 109038637383532520, guid: a44178215a894cc48a253ff3343a6875, type: 3}
      propertyPath: m_Layer
      value: 15
      objectReference: {fileID: 0}
    - target: {fileID: 369721150579342691, guid: a44178215a894cc48a253ff3343a6875, type: 3}
      propertyPath: m_Layer
      value: 15
      objectReference: {fileID: 0}
    - target: {fileID: 389737371238226463, guid: a44178215a894cc48a253ff3343a6875, type: 3}
      propertyPath: m_Layer
      value: 15
      objectReference: {fileID: 0}
    - target: {fileID: 454854791125794478, guid: a44178215a894cc48a253ff3343a6875, type: 3}
      propertyPath: m_Layer
      value: 15
      objectReference: {fileID: 0}
    - target: {fileID: 469611215048760227, guid: a44178215a894cc48a253ff3343a6875, type: 3}
      propertyPath: m_Layer
      value: 15
      objectReference: {fileID: 0}
    - target: {fileID: 547238331325724766, guid: a44178215a894cc48a253ff3343a6875, type: 3}
      propertyPath: m_Layer
      value: 15
      objectReference: {fileID: 0}
    - target: {fileID: 627848714477263599, guid: a44178215a894cc48a253ff3343a6875, type: 3}
      propertyPath: m_Layer
      value: 15
      objectReference: {fileID: 0}
    - target: {fileID: 706033670857858094, guid: a44178215a894cc48a253ff3343a6875, type: 3}
      propertyPath: m_Layer
      value: 15
      objectReference: {fileID: 0}
    - target: {fileID: 709566116366090977, guid: a44178215a894cc48a253ff3343a6875, type: 3}
      propertyPath: m_Layer
      value: 15
      objectReference: {fileID: 0}
    - target: {fileID: 957299547047608680, guid: a44178215a894cc48a253ff3343a6875, type: 3}
      propertyPath: m_Name
      value: EnemyMIGRagdoll
      objectReference: {fileID: 0}
    - target: {fileID: 957299547047608686, guid: a44178215a894cc48a253ff3343a6875, type: 3}
      propertyPath: m_RootOrder
      value: 0
      objectReference: {fileID: 0}
    - target: {fileID: 957299547047608686, guid: a44178215a894cc48a253ff3343a6875, type: 3}
      propertyPath: m_LocalPosition.x
      value: 0
      objectReference: {fileID: 0}
    - target: {fileID: 957299547047608686, guid: a44178215a894cc48a253ff3343a6875, type: 3}
      propertyPath: m_LocalPosition.y
      value: 0
      objectReference: {fileID: 0}
    - target: {fileID: 957299547047608686, guid: a44178215a894cc48a253ff3343a6875, type: 3}
      propertyPath: m_LocalPosition.z
      value: 0
      objectReference: {fileID: 0}
    - target: {fileID: 957299547047608686, guid: a44178215a894cc48a253ff3343a6875, type: 3}
      propertyPath: m_LocalRotation.w
      value: 1
      objectReference: {fileID: 0}
    - target: {fileID: 957299547047608686, guid: a44178215a894cc48a253ff3343a6875, type: 3}
      propertyPath: m_LocalRotation.x
      value: 0
      objectReference: {fileID: 0}
    - target: {fileID: 957299547047608686, guid: a44178215a894cc48a253ff3343a6875, type: 3}
      propertyPath: m_LocalRotation.y
      value: 0
      objectReference: {fileID: 0}
    - target: {fileID: 957299547047608686, guid: a44178215a894cc48a253ff3343a6875, type: 3}
      propertyPath: m_LocalRotation.z
      value: 0
      objectReference: {fileID: 0}
    - target: {fileID: 957299547047608686, guid: a44178215a894cc48a253ff3343a6875, type: 3}
      propertyPath: m_LocalEulerAnglesHint.x
      value: 0
      objectReference: {fileID: 0}
    - target: {fileID: 957299547047608686, guid: a44178215a894cc48a253ff3343a6875, type: 3}
      propertyPath: m_LocalEulerAnglesHint.y
      value: 0
      objectReference: {fileID: 0}
    - target: {fileID: 957299547047608686, guid: a44178215a894cc48a253ff3343a6875, type: 3}
      propertyPath: m_LocalEulerAnglesHint.z
      value: 0
      objectReference: {fileID: 0}
    - target: {fileID: 959319762925483615, guid: a44178215a894cc48a253ff3343a6875, type: 3}
      propertyPath: m_Layer
      value: 15
      objectReference: {fileID: 0}
    - target: {fileID: 1061124621787278280, guid: a44178215a894cc48a253ff3343a6875, type: 3}
      propertyPath: m_Layer
      value: 15
      objectReference: {fileID: 0}
    - target: {fileID: 1067291977060494793, guid: a44178215a894cc48a253ff3343a6875, type: 3}
      propertyPath: m_Layer
      value: 15
      objectReference: {fileID: 0}
    - target: {fileID: 1269763468601884820, guid: a44178215a894cc48a253ff3343a6875, type: 3}
      propertyPath: m_Layer
      value: 15
      objectReference: {fileID: 0}
    - target: {fileID: 1339454135058271938, guid: a44178215a894cc48a253ff3343a6875, type: 3}
      propertyPath: m_Layer
      value: 15
      objectReference: {fileID: 0}
    - target: {fileID: 1736664440178158532, guid: a44178215a894cc48a253ff3343a6875, type: 3}
      propertyPath: m_Layer
      value: 15
      objectReference: {fileID: 0}
    - target: {fileID: 1802770121345193302, guid: a44178215a894cc48a253ff3343a6875, type: 3}
      propertyPath: m_Speed
      value: 6
      objectReference: {fileID: 0}
    - target: {fileID: 1927526123153485660, guid: a44178215a894cc48a253ff3343a6875, type: 3}
      propertyPath: m_Layer
      value: 15
      objectReference: {fileID: 0}
    - target: {fileID: 2277958063180049765, guid: a44178215a894cc48a253ff3343a6875, type: 3}
      propertyPath: m_Layer
      value: 15
      objectReference: {fileID: 0}
    - target: {fileID: 2423673146957956929, guid: a44178215a894cc48a253ff3343a6875, type: 3}
      propertyPath: m_Layer
      value: 15
      objectReference: {fileID: 0}
    - target: {fileID: 2478470521949979402, guid: a44178215a894cc48a253ff3343a6875, type: 3}
      propertyPath: m_Layer
      value: 15
      objectReference: {fileID: 0}
    - target: {fileID: 2521979602015716649, guid: a44178215a894cc48a253ff3343a6875, type: 3}
      propertyPath: m_Layer
      value: 15
      objectReference: {fileID: 0}
    - target: {fileID: 2758053733911730988, guid: a44178215a894cc48a253ff3343a6875, type: 3}
      propertyPath: m_Layer
      value: 15
      objectReference: {fileID: 0}
    - target: {fileID: 2812594812773081592, guid: a44178215a894cc48a253ff3343a6875, type: 3}
      propertyPath: m_Layer
      value: 15
      objectReference: {fileID: 0}
    - target: {fileID: 2831172861673637132, guid: a44178215a894cc48a253ff3343a6875, type: 3}
      propertyPath: m_Layer
      value: 15
      objectReference: {fileID: 0}
    - target: {fileID: 3179309480286407957, guid: a44178215a894cc48a253ff3343a6875, type: 3}
      propertyPath: m_Materials.Array.data[0]
      value: 
      objectReference: {fileID: 2100000, guid: 68fd90f286f4f924e977fcc285258df1, type: 2}
    - target: {fileID: 3675473830640649613, guid: a44178215a894cc48a253ff3343a6875, type: 3}
      propertyPath: m_Layer
      value: 15
      objectReference: {fileID: 0}
    - target: {fileID: 3697026369931162119, guid: a44178215a894cc48a253ff3343a6875, type: 3}
      propertyPath: Bullet
      value: 
      objectReference: {fileID: 6278426837470742302, guid: a00d6b182baf6a848bd694100b07790e, type: 3}
    - target: {fileID: 3697026369931162119, guid: a44178215a894cc48a253ff3343a6875, type: 3}
      propertyPath: Cooldown
      value: 2
      objectReference: {fileID: 0}
    - target: {fileID: 3697026369931162119, guid: a44178215a894cc48a253ff3343a6875, type: 3}
      propertyPath: BulletForce
      value: 2000
      objectReference: {fileID: 0}
    - target: {fileID: 3697026369931162119, guid: a44178215a894cc48a253ff3343a6875, type: 3}
      propertyPath: BulletDamage
      value: 15
      objectReference: {fileID: 0}
    - target: {fileID: 3697026369931162119, guid: a44178215a894cc48a253ff3343a6875, type: 3}
      propertyPath: MaxAngleDiviation
      value: 2
      objectReference: {fileID: 0}
    - target: {fileID: 4018874025787226723, guid: a44178215a894cc48a253ff3343a6875, type: 3}
      propertyPath: m_Layer
      value: 15
      objectReference: {fileID: 0}
    - target: {fileID: 4280699246445534743, guid: a44178215a894cc48a253ff3343a6875, type: 3}
      propertyPath: m_Layer
      value: 15
      objectReference: {fileID: 0}
    - target: {fileID: 4291834860511423017, guid: a44178215a894cc48a253ff3343a6875, type: 3}
      propertyPath: m_Layer
      value: 15
      objectReference: {fileID: 0}
    - target: {fileID: 4324122693965714584, guid: a44178215a894cc48a253ff3343a6875, type: 3}
      propertyPath: m_Layer
      value: 15
      objectReference: {fileID: 0}
    - target: {fileID: 4369875507704985565, guid: a44178215a894cc48a253ff3343a6875, type: 3}
      propertyPath: m_Layer
      value: 15
      objectReference: {fileID: 0}
    - target: {fileID: 4404860586168669309, guid: a44178215a894cc48a253ff3343a6875, type: 3}
      propertyPath: MaxHealth
      value: 25
      objectReference: {fileID: 0}
    - target: {fileID: 4404860586168669309, guid: a44178215a894cc48a253ff3343a6875, type: 3}
      propertyPath: CurrentHealth
      value: 25
      objectReference: {fileID: 0}
    - target: {fileID: 4696143692308227299, guid: a44178215a894cc48a253ff3343a6875, type: 3}
      propertyPath: m_Layer
      value: 15
      objectReference: {fileID: 0}
    - target: {fileID: 4754428563815625628, guid: a44178215a894cc48a253ff3343a6875, type: 3}
      propertyPath: m_Layer
      value: 15
      objectReference: {fileID: 0}
    - target: {fileID: 4931256277057616476, guid: a44178215a894cc48a253ff3343a6875, type: 3}
      propertyPath: m_Layer
      value: 15
      objectReference: {fileID: 0}
    - target: {fileID: 5038621592710251456, guid: a44178215a894cc48a253ff3343a6875, type: 3}
      propertyPath: m_LocalPosition.y
      value: 1.408
      objectReference: {fileID: 0}
    - target: {fileID: 5203075881449255361, guid: a44178215a894cc48a253ff3343a6875, type: 3}
      propertyPath: m_Layer
      value: 15
      objectReference: {fileID: 0}
    - target: {fileID: 5511918873825237859, guid: a44178215a894cc48a253ff3343a6875, type: 3}
      propertyPath: m_Layer
      value: 15
      objectReference: {fileID: 0}
    - target: {fileID: 6024074425986136996, guid: a44178215a894cc48a253ff3343a6875, type: 3}
      propertyPath: m_Layer
      value: 15
      objectReference: {fileID: 0}
    - target: {fileID: 6141492178620656100, guid: a44178215a894cc48a253ff3343a6875, type: 3}
      propertyPath: SafeDistance
      value: 8
      objectReference: {fileID: 0}
    - target: {fileID: 6165329299810676809, guid: a44178215a894cc48a253ff3343a6875, type: 3}
      propertyPath: m_Layer
      value: 15
      objectReference: {fileID: 0}
    - target: {fileID: 6224267243983118354, guid: a44178215a894cc48a253ff3343a6875, type: 3}
      propertyPath: m_Layer
      value: 15
      objectReference: {fileID: 0}
    - target: {fileID: 6230631735772782187, guid: a44178215a894cc48a253ff3343a6875, type: 3}
      propertyPath: m_Layer
      value: 15
      objectReference: {fileID: 0}
    - target: {fileID: 6270118222063361507, guid: a44178215a894cc48a253ff3343a6875, type: 3}
      propertyPath: m_Layer
      value: 15
      objectReference: {fileID: 0}
    - target: {fileID: 6633676800673695643, guid: a44178215a894cc48a253ff3343a6875, type: 3}
      propertyPath: m_Layer
      value: 15
      objectReference: {fileID: 0}
    - target: {fileID: 6792094471853489808, guid: a44178215a894cc48a253ff3343a6875, type: 3}
      propertyPath: m_Layer
      value: 15
      objectReference: {fileID: 0}
    - target: {fileID: 6835158440208942759, guid: a44178215a894cc48a253ff3343a6875, type: 3}
      propertyPath: m_Layer
      value: 15
      objectReference: {fileID: 0}
    - target: {fileID: 6853067963627305958, guid: a44178215a894cc48a253ff3343a6875, type: 3}
      propertyPath: m_Layer
      value: 15
      objectReference: {fileID: 0}
    - target: {fileID: 6913812888982560232, guid: a44178215a894cc48a253ff3343a6875, type: 3}
      propertyPath: m_Layer
      value: 15
      objectReference: {fileID: 0}
    - target: {fileID: 6987482171678240538, guid: a44178215a894cc48a253ff3343a6875, type: 3}
      propertyPath: m_Layer
      value: 15
      objectReference: {fileID: 0}
    - target: {fileID: 6989049063526713199, guid: a44178215a894cc48a253ff3343a6875, type: 3}
      propertyPath: m_Layer
      value: 15
      objectReference: {fileID: 0}
    - target: {fileID: 7427136666655112504, guid: a44178215a894cc48a253ff3343a6875, type: 3}
      propertyPath: m_Layer
      value: 15
      objectReference: {fileID: 0}
    - target: {fileID: 7939275847861328312, guid: a44178215a894cc48a253ff3343a6875, type: 3}
      propertyPath: m_Layer
      value: 15
      objectReference: {fileID: 0}
    - target: {fileID: 8018737161853341094, guid: a44178215a894cc48a253ff3343a6875, type: 3}
      propertyPath: m_Layer
      value: 15
      objectReference: {fileID: 0}
    - target: {fileID: 8085746142542269024, guid: a44178215a894cc48a253ff3343a6875, type: 3}
      propertyPath: m_Layer
      value: 15
      objectReference: {fileID: 0}
    - target: {fileID: 8191436902315534126, guid: a44178215a894cc48a253ff3343a6875, type: 3}
      propertyPath: m_Layer
      value: 15
      objectReference: {fileID: 0}
    - target: {fileID: 8409475181482567006, guid: a44178215a894cc48a253ff3343a6875, type: 3}
      propertyPath: m_Materials.Array.data[1]
      value: 
      objectReference: {fileID: 2100000, guid: 68fd90f286f4f924e977fcc285258df1, type: 2}
    - target: {fileID: 8542332163909378099, guid: a44178215a894cc48a253ff3343a6875, type: 3}
      propertyPath: m_LocalPosition.x
      value: 0.0732
      objectReference: {fileID: 0}
    - target: {fileID: 8542332163909378099, guid: a44178215a894cc48a253ff3343a6875, type: 3}
      propertyPath: m_LocalPosition.y
      value: 0.0321
      objectReference: {fileID: 0}
    - target: {fileID: 8542332163909378099, guid: a44178215a894cc48a253ff3343a6875, type: 3}
      propertyPath: m_LocalPosition.z
      value: 0.8296
      objectReference: {fileID: 0}
    - target: {fileID: 8688323847515098588, guid: a44178215a894cc48a253ff3343a6875, type: 3}
      propertyPath: m_Controller
      value: 
      objectReference: {fileID: 9100000, guid: c12dbb230ccf6f44b91cf2b57b6bd030, type: 2}
    - target: {fileID: 8688323847515098588, guid: a44178215a894cc48a253ff3343a6875, type: 3}
      propertyPath: m_CullingMode
      value: 0
      objectReference: {fileID: 0}
    - target: {fileID: 8909073431958682732, guid: a44178215a894cc48a253ff3343a6875, type: 3}
      propertyPath: m_Layer
      value: 15
      objectReference: {fileID: 0}
    - target: {fileID: 8989378687128559771, guid: a44178215a894cc48a253ff3343a6875, type: 3}
      propertyPath: m_Layer
      value: 15
      objectReference: {fileID: 0}
    - target: {fileID: 8989952441291818013, guid: a44178215a894cc48a253ff3343a6875, type: 3}
      propertyPath: m_Layer
      value: 15
      objectReference: {fileID: 0}
    - target: {fileID: 9111870538858880320, guid: a44178215a894cc48a253ff3343a6875, type: 3}
      propertyPath: m_Layer
      value: 15
      objectReference: {fileID: 0}
    - target: {fileID: 9156238621542274150, guid: a44178215a894cc48a253ff3343a6875, type: 3}
      propertyPath: m_Layer
      value: 15
      objectReference: {fileID: 0}
    m_RemovedComponents:
    - {fileID: 6141492178620656100, guid: a44178215a894cc48a253ff3343a6875, type: 3}
    - {fileID: 1802770121345193302, guid: a44178215a894cc48a253ff3343a6875, type: 3}
  m_SourcePrefab: {fileID: 100100000, guid: a44178215a894cc48a253ff3343a6875, type: 3}
--- !u!114 &183266014843494140 stripped
MonoBehaviour:
  m_CorrespondingSourceObject: {fileID: 3697026369931162119, guid: a44178215a894cc48a253ff3343a6875, type: 3}
  m_PrefabInstance: {fileID: 3586394300517870843}
  m_PrefabAsset: {fileID: 0}
  m_GameObject: {fileID: 0}
  m_Enabled: 1
  m_EditorHideFlags: 0
  m_Script: {fileID: 11500000, guid: 3c0baa2778d7ace4bbfafbfb12a0b327, type: 3}
  m_Name: 
  m_EditorClassIdentifier: 
--- !u!4 &410886536673800827 stripped
Transform:
  m_CorrespondingSourceObject: {fileID: 3780399967432400512, guid: a44178215a894cc48a253ff3343a6875, type: 3}
  m_PrefabInstance: {fileID: 3586394300517870843}
  m_PrefabAsset: {fileID: 0}
--- !u!1 &992815240369567843 stripped
GameObject:
  m_CorrespondingSourceObject: {fileID: 4324122693965714584, guid: a44178215a894cc48a253ff3343a6875, type: 3}
  m_PrefabInstance: {fileID: 3586394300517870843}
  m_PrefabAsset: {fileID: 0}
--- !u!54 &1849520527009201780
Rigidbody:
  m_ObjectHideFlags: 0
  m_CorrespondingSourceObject: {fileID: 0}
  m_PrefabInstance: {fileID: 0}
  m_PrefabAsset: {fileID: 0}
  m_GameObject: {fileID: 992815240369567843}
  serializedVersion: 2
  m_Mass: 46.874996
  m_Drag: 0
  m_AngularDrag: 0.05
  m_UseGravity: 1
  m_IsKinematic: 1
  m_Interpolate: 0
  m_Constraints: 0
  m_CollisionDetection: 0
--- !u!136 &8127747440039523151
CapsuleCollider:
  m_ObjectHideFlags: 0
  m_CorrespondingSourceObject: {fileID: 0}
  m_PrefabInstance: {fileID: 0}
  m_PrefabAsset: {fileID: 0}
  m_GameObject: {fileID: 992815240369567843}
  m_Material: {fileID: 0}
  m_IsTrigger: 0
  m_Enabled: 1
  m_Radius: 0.1399529
  m_Height: 0.46650964
  m_Direction: 1
  m_Center: {x: 0, y: 0.23325482, z: 0}
--- !u!144 &7904876438485789391
CharacterJoint:
  m_ObjectHideFlags: 0
  m_CorrespondingSourceObject: {fileID: 0}
  m_PrefabInstance: {fileID: 0}
  m_PrefabAsset: {fileID: 0}
  m_GameObject: {fileID: 992815240369567843}
  m_ConnectedBody: {fileID: 293944997498081279}
  m_ConnectedArticulationBody: {fileID: 0}
  m_Anchor: {x: 0, y: 0, z: 0}
  m_Axis: {x: -1, y: 0, z: 0}
  m_AutoConfigureConnectedAnchor: 1
  m_ConnectedAnchor: {x: 0.104220636, y: -0.05230628, z: 0.0007758202}
  serializedVersion: 2
  m_SwingAxis: {x: 0, y: 0, z: 1}
  m_TwistLimitSpring:
    spring: 0
    damper: 0
  m_LowTwistLimit:
    limit: -20
    bounciness: 0
    contactDistance: 0
  m_HighTwistLimit:
    limit: 70
    bounciness: 0
    contactDistance: 0
  m_SwingLimitSpring:
    spring: 0
    damper: 0
  m_Swing1Limit:
    limit: 30
    bounciness: 0
    contactDistance: 0
  m_Swing2Limit:
    limit: 0
    bounciness: 0
    contactDistance: 0
  m_EnableProjection: 0
  m_ProjectionDistance: 0.1
  m_ProjectionAngle: 180
  m_BreakForce: Infinity
  m_BreakTorque: Infinity
  m_EnableCollision: 0
  m_EnablePreprocessing: 0
  m_MassScale: 1
  m_ConnectedMassScale: 1
--- !u!1 &1385615047643359698 stripped
GameObject:
  m_CorrespondingSourceObject: {fileID: 2521979602015716649, guid: a44178215a894cc48a253ff3343a6875, type: 3}
  m_PrefabInstance: {fileID: 3586394300517870843}
  m_PrefabAsset: {fileID: 0}
--- !u!54 &4380937037661243607
Rigidbody:
  m_ObjectHideFlags: 0
  m_CorrespondingSourceObject: {fileID: 0}
  m_PrefabInstance: {fileID: 0}
  m_PrefabAsset: {fileID: 0}
  m_GameObject: {fileID: 1385615047643359698}
  serializedVersion: 2
  m_Mass: 46.874996
  m_Drag: 0
  m_AngularDrag: 0.05
  m_UseGravity: 1
  m_IsKinematic: 1
  m_Interpolate: 0
  m_Constraints: 0
  m_CollisionDetection: 0
--- !u!136 &8028113931947300403
CapsuleCollider:
  m_ObjectHideFlags: 0
  m_CorrespondingSourceObject: {fileID: 0}
  m_PrefabInstance: {fileID: 0}
  m_PrefabAsset: {fileID: 0}
  m_GameObject: {fileID: 1385615047643359698}
  m_Material: {fileID: 0}
  m_IsTrigger: 0
  m_Enabled: 1
  m_Radius: 0.13994844
  m_Height: 0.4664948
  m_Direction: 1
  m_Center: {x: 0, y: 0.2332474, z: 0}
--- !u!144 &7661880542685560949
CharacterJoint:
  m_ObjectHideFlags: 0
  m_CorrespondingSourceObject: {fileID: 0}
  m_PrefabInstance: {fileID: 0}
  m_PrefabAsset: {fileID: 0}
  m_GameObject: {fileID: 1385615047643359698}
  m_ConnectedBody: {fileID: 293944997498081279}
  m_ConnectedArticulationBody: {fileID: 0}
  m_Anchor: {x: 0, y: 0, z: 0}
  m_Axis: {x: -1, y: 0, z: 0}
  m_AutoConfigureConnectedAnchor: 1
  m_ConnectedAnchor: {x: -0.10422062, y: -0.052306186, z: -0.0003174384}
  serializedVersion: 2
  m_SwingAxis: {x: 0, y: 0, z: 1}
  m_TwistLimitSpring:
    spring: 0
    damper: 0
  m_LowTwistLimit:
    limit: -20
    bounciness: 0
    contactDistance: 0
  m_HighTwistLimit:
    limit: 70
    bounciness: 0
    contactDistance: 0
  m_SwingLimitSpring:
    spring: 0
    damper: 0
  m_Swing1Limit:
    limit: 30
    bounciness: 0
    contactDistance: 0
  m_Swing2Limit:
    limit: 0
    bounciness: 0
    contactDistance: 0
  m_EnableProjection: 0
  m_ProjectionDistance: 0.1
  m_ProjectionAngle: 180
  m_BreakForce: Infinity
  m_BreakTorque: Infinity
  m_EnableCollision: 0
  m_EnablePreprocessing: 0
  m_MassScale: 1
  m_ConnectedMassScale: 1
--- !u!1 &1414171323650895857 stripped
GameObject:
  m_CorrespondingSourceObject: {fileID: 2478470521949979402, guid: a44178215a894cc48a253ff3343a6875, type: 3}
  m_PrefabInstance: {fileID: 3586394300517870843}
  m_PrefabAsset: {fileID: 0}
--- !u!54 &4298716709805744786
Rigidbody:
  m_ObjectHideFlags: 0
  m_CorrespondingSourceObject: {fileID: 0}
  m_PrefabInstance: {fileID: 0}
  m_PrefabAsset: {fileID: 0}
  m_GameObject: {fileID: 1414171323650895857}
  serializedVersion: 2
  m_Mass: 78.125
  m_Drag: 0
  m_AngularDrag: 0.05
  m_UseGravity: 1
  m_IsKinematic: 1
  m_Interpolate: 0
  m_Constraints: 0
  m_CollisionDetection: 0
--- !u!65 &2401601201963718755
BoxCollider:
  m_ObjectHideFlags: 0
  m_CorrespondingSourceObject: {fileID: 0}
  m_PrefabInstance: {fileID: 0}
  m_PrefabAsset: {fileID: 0}
  m_GameObject: {fileID: 1414171323650895857}
  m_Material: {fileID: 0}
  m_IsTrigger: 0
  m_Enabled: 1
  serializedVersion: 2
  m_Size: {x: 0.35699326, y: 0.16935179, z: 0.21253237}
  m_Center: {x: 0.0008942485, y: 0.08467592, z: 0.01179783}
--- !u!144 &7947055060432302098
CharacterJoint:
  m_ObjectHideFlags: 0
  m_CorrespondingSourceObject: {fileID: 0}
  m_PrefabInstance: {fileID: 0}
  m_PrefabAsset: {fileID: 0}
  m_GameObject: {fileID: 1414171323650895857}
  m_ConnectedBody: {fileID: 293944997498081279}
  m_ConnectedArticulationBody: {fileID: 0}
  m_Anchor: {x: 0, y: 0, z: 0}
  m_Axis: {x: 1, y: 0, z: 0}
  m_AutoConfigureConnectedAnchor: 1
  m_ConnectedAnchor: {x: -0.0016386795, y: 0.20391749, z: -0.0038121978}
  serializedVersion: 2
  m_SwingAxis: {x: 0, y: 0, z: 1}
  m_TwistLimitSpring:
    spring: 0
    damper: 0
  m_LowTwistLimit:
    limit: -20
    bounciness: 0
    contactDistance: 0
  m_HighTwistLimit:
    limit: 20
    bounciness: 0
    contactDistance: 0
  m_SwingLimitSpring:
    spring: 0
    damper: 0
  m_Swing1Limit:
    limit: 10
    bounciness: 0
    contactDistance: 0
  m_Swing2Limit:
    limit: 0
    bounciness: 0
    contactDistance: 0
  m_EnableProjection: 0
  m_ProjectionDistance: 0.1
  m_ProjectionAngle: 180
  m_BreakForce: Infinity
  m_BreakTorque: Infinity
  m_EnableCollision: 0
  m_EnablePreprocessing: 0
  m_MassScale: 1
  m_ConnectedMassScale: 1
--- !u!1 &1512561195883078119 stripped
GameObject:
  m_CorrespondingSourceObject: {fileID: 2682136543048289564, guid: a44178215a894cc48a253ff3343a6875, type: 3}
  m_PrefabInstance: {fileID: 3586394300517870843}
  m_PrefabAsset: {fileID: 0}
--- !u!114 &8774228277340882964
MonoBehaviour:
  m_ObjectHideFlags: 0
  m_CorrespondingSourceObject: {fileID: 0}
  m_PrefabInstance: {fileID: 0}
  m_PrefabAsset: {fileID: 0}
  m_GameObject: {fileID: 1512561195883078119}
  m_Enabled: 1
  m_EditorHideFlags: 0
  m_Script: {fileID: 11500000, guid: 62ccd2d91006f3d48b5ba2dcb63e98d8, type: 3}
  m_Name: 
  m_EditorClassIdentifier: 
  _skinMaterials:
  - {fileID: 2100000, guid: 0fee2e981597022429e0bc1d388800fb, type: 2}
  - {fileID: 2100000, guid: 3c07d4a72a162a440a46416a4d2291d8, type: 2}
  - {fileID: 2100000, guid: 8ec8da67922335c4fa214013c42c2c1e, type: 2}
  - {fileID: 2100000, guid: c14ee1c2021122e4983b697cb9391b03, type: 2}
  _renderer: {fileID: 5003810906839255461}
  _materialId: 0
--- !u!1 &2545621125057602105 stripped
GameObject:
  m_CorrespondingSourceObject: {fileID: 1339454135058271938, guid: a44178215a894cc48a253ff3343a6875, type: 3}
  m_PrefabInstance: {fileID: 3586394300517870843}
  m_PrefabAsset: {fileID: 0}
--- !u!54 &7441902166607775565
Rigidbody:
  m_ObjectHideFlags: 0
  m_CorrespondingSourceObject: {fileID: 0}
  m_PrefabInstance: {fileID: 0}
  m_PrefabAsset: {fileID: 0}
  m_GameObject: {fileID: 2545621125057602105}
  serializedVersion: 2
  m_Mass: 31.25
  m_Drag: 0
  m_AngularDrag: 0.05
  m_UseGravity: 1
  m_IsKinematic: 1
  m_Interpolate: 0
  m_Constraints: 0
  m_CollisionDetection: 0
--- !u!136 &2610521517838961690
CapsuleCollider:
  m_ObjectHideFlags: 0
  m_CorrespondingSourceObject: {fileID: 0}
  m_PrefabInstance: {fileID: 0}
  m_PrefabAsset: {fileID: 0}
  m_GameObject: {fileID: 2545621125057602105}
  m_Material: {fileID: 0}
  m_IsTrigger: 0
  m_Enabled: 1
  m_Radius: 0.06973743
  m_Height: 0.2789497
  m_Direction: 1
  m_Center: {x: 0, y: 0.13947485, z: 0}
--- !u!144 &174249557875551623
CharacterJoint:
  m_ObjectHideFlags: 0
  m_CorrespondingSourceObject: {fileID: 0}
  m_PrefabInstance: {fileID: 0}
  m_PrefabAsset: {fileID: 0}
  m_GameObject: {fileID: 2545621125057602105}
  m_ConnectedBody: {fileID: 4298716709805744786}
  m_ConnectedArticulationBody: {fileID: 0}
  m_Anchor: {x: 0, y: 0, z: 0}
  m_Axis: {x: 0, y: -1, z: 0}
  m_AutoConfigureConnectedAnchor: 1
  m_ConnectedAnchor: {x: -0.17760238, y: 0.16935183, z: 0.021217529}
  serializedVersion: 2
  m_SwingAxis: {x: 1, y: 0, z: 0}
  m_TwistLimitSpring:
    spring: 0
    damper: 0
  m_LowTwistLimit:
    limit: -70
    bounciness: 0
    contactDistance: 0
  m_HighTwistLimit:
    limit: 10
    bounciness: 0
    contactDistance: 0
  m_SwingLimitSpring:
    spring: 0
    damper: 0
  m_Swing1Limit:
    limit: 50
    bounciness: 0
    contactDistance: 0
  m_Swing2Limit:
    limit: 0
    bounciness: 0
    contactDistance: 0
  m_EnableProjection: 0
  m_ProjectionDistance: 0.1
  m_ProjectionAngle: 180
  m_BreakForce: Infinity
  m_BreakTorque: Infinity
  m_EnableCollision: 0
  m_EnablePreprocessing: 0
  m_MassScale: 1
  m_ConnectedMassScale: 1
--- !u!1 &3917358450853532837 stripped
GameObject:
  m_CorrespondingSourceObject: {fileID: 547238331325724766, guid: a44178215a894cc48a253ff3343a6875, type: 3}
  m_PrefabInstance: {fileID: 3586394300517870843}
  m_PrefabAsset: {fileID: 0}
--- !u!54 &3699613488986871658
Rigidbody:
  m_ObjectHideFlags: 0
  m_CorrespondingSourceObject: {fileID: 0}
  m_PrefabInstance: {fileID: 0}
  m_PrefabAsset: {fileID: 0}
  m_GameObject: {fileID: 3917358450853532837}
  serializedVersion: 2
  m_Mass: 46.874996
  m_Drag: 0
  m_AngularDrag: 0.05
  m_UseGravity: 1
  m_IsKinematic: 1
  m_Interpolate: 0
  m_Constraints: 0
  m_CollisionDetection: 0
--- !u!136 &570119031142758438
CapsuleCollider:
  m_ObjectHideFlags: 0
  m_CorrespondingSourceObject: {fileID: 0}
  m_PrefabInstance: {fileID: 0}
  m_PrefabAsset: {fileID: 0}
  m_GameObject: {fileID: 3917358450853532837}
  m_Material: {fileID: 0}
  m_IsTrigger: 0
  m_Enabled: 1
  m_Radius: 0.06454423
  m_Height: 0.25817692
  m_Direction: 2
  m_Center: {x: 0, y: 0, z: 0.12908846}
--- !u!144 &2714257597615358844
CharacterJoint:
  m_ObjectHideFlags: 0
  m_CorrespondingSourceObject: {fileID: 0}
  m_PrefabInstance: {fileID: 0}
  m_PrefabAsset: {fileID: 0}
  m_GameObject: {fileID: 3917358450853532837}
  m_ConnectedBody: {fileID: 4380937037661243607}
  m_ConnectedArticulationBody: {fileID: 0}
  m_Anchor: {x: 0, y: 0, z: 0}
  m_Axis: {x: -1, y: 0, z: 0}
  m_AutoConfigureConnectedAnchor: 1
  m_ConnectedAnchor: {x: 0.0000000111757075, y: 0.4664948, z: -0.000000029802246}
  serializedVersion: 2
  m_SwingAxis: {x: 0, y: 0, z: 1}
  m_TwistLimitSpring:
    spring: 0
    damper: 0
  m_LowTwistLimit:
    limit: -80
    bounciness: 0
    contactDistance: 0
  m_HighTwistLimit:
    limit: 0
    bounciness: 0
    contactDistance: 0
  m_SwingLimitSpring:
    spring: 0
    damper: 0
  m_Swing1Limit:
    limit: 0
    bounciness: 0
    contactDistance: 0
  m_Swing2Limit:
    limit: 0
    bounciness: 0
    contactDistance: 0
  m_EnableProjection: 0
  m_ProjectionDistance: 0.1
  m_ProjectionAngle: 180
  m_BreakForce: Infinity
  m_BreakTorque: Infinity
  m_EnableCollision: 0
  m_EnablePreprocessing: 0
  m_MassScale: 1
  m_ConnectedMassScale: 1
--- !u!1 &4139933447126791700 stripped
GameObject:
  m_CorrespondingSourceObject: {fileID: 627848714477263599, guid: a44178215a894cc48a253ff3343a6875, type: 3}
  m_PrefabInstance: {fileID: 3586394300517870843}
  m_PrefabAsset: {fileID: 0}
--- !u!54 &2794277247528962512
Rigidbody:
  m_ObjectHideFlags: 0
  m_CorrespondingSourceObject: {fileID: 0}
  m_PrefabInstance: {fileID: 0}
  m_PrefabAsset: {fileID: 0}
  m_GameObject: {fileID: 4139933447126791700}
  serializedVersion: 2
  m_Mass: 31.25
  m_Drag: 0
  m_AngularDrag: 0.05
  m_UseGravity: 1
  m_IsKinematic: 1
  m_Interpolate: 0
  m_Constraints: 0
  m_CollisionDetection: 0
--- !u!136 &7454129962225641400
CapsuleCollider:
  m_ObjectHideFlags: 0
  m_CorrespondingSourceObject: {fileID: 0}
  m_PrefabInstance: {fileID: 0}
  m_PrefabAsset: {fileID: 0}
  m_GameObject: {fileID: 4139933447126791700}
  m_Material: {fileID: 0}
  m_IsTrigger: 0
  m_Enabled: 1
  m_Radius: 0.085431114
  m_Height: 0.42715555
  m_Direction: 1
  m_Center: {x: 0, y: 0.21357778, z: 0}
--- !u!144 &7093212819923857259
CharacterJoint:
  m_ObjectHideFlags: 0
  m_CorrespondingSourceObject: {fileID: 0}
  m_PrefabInstance: {fileID: 0}
  m_PrefabAsset: {fileID: 0}
  m_GameObject: {fileID: 4139933447126791700}
  m_ConnectedBody: {fileID: 7441902166607775565}
  m_ConnectedArticulationBody: {fileID: 0}
  m_Anchor: {x: 0, y: 0, z: 0}
  m_Axis: {x: 1, y: 0, z: 0}
  m_AutoConfigureConnectedAnchor: 1
  m_ConnectedAnchor: {x: -0.000000031664964, y: 0.2789497, z: -0.00000004470349}
  serializedVersion: 2
  m_SwingAxis: {x: 0, y: -1, z: 0}
  m_TwistLimitSpring:
    spring: 0
    damper: 0
  m_LowTwistLimit:
    limit: -90
    bounciness: 0
    contactDistance: 0
  m_HighTwistLimit:
    limit: 0
    bounciness: 0
    contactDistance: 0
  m_SwingLimitSpring:
    spring: 0
    damper: 0
  m_Swing1Limit:
    limit: 0
    bounciness: 0
    contactDistance: 0
  m_Swing2Limit:
    limit: 0
    bounciness: 0
    contactDistance: 0
  m_EnableProjection: 0
  m_ProjectionDistance: 0.1
  m_ProjectionAngle: 180
  m_BreakForce: Infinity
  m_BreakTorque: Infinity
  m_EnableCollision: 0
  m_EnablePreprocessing: 0
  m_MassScale: 1
  m_ConnectedMassScale: 1
--- !u!1 &4362981164767522195 stripped
GameObject:
  m_CorrespondingSourceObject: {fileID: 957299547047608680, guid: a44178215a894cc48a253ff3343a6875, type: 3}
  m_PrefabInstance: {fileID: 3586394300517870843}
  m_PrefabAsset: {fileID: 0}
--- !u!114 &4574596956856125149
MonoBehaviour:
  m_ObjectHideFlags: 0
  m_CorrespondingSourceObject: {fileID: 0}
  m_PrefabInstance: {fileID: 0}
  m_PrefabAsset: {fileID: 0}
  m_GameObject: {fileID: 4362981164767522195}
  m_Enabled: 1
  m_EditorHideFlags: 0
  m_Script: {fileID: 11500000, guid: a2bc914724503fb468a2759e76270916, type: 3}
  m_Name: 
  m_EditorClassIdentifier: 
  DeadDropPrefab: {fileID: 5257133544641218832, guid: af59d7362be7edd48958110cf4eb69e4, type: 3}
  DropChance: 0.1
--- !u!114 &6056325029170546107
MonoBehaviour:
  m_ObjectHideFlags: 0
  m_CorrespondingSourceObject: {fileID: 0}
  m_PrefabInstance: {fileID: 0}
  m_PrefabAsset: {fileID: 0}
  m_GameObject: {fileID: 4362981164767522195}
  m_Enabled: 1
  m_EditorHideFlags: 0
  m_Script: {fileID: 11500000, guid: 5a201577666d4c8408b61b901e4847ad, type: 3}
  m_Name: 
  m_EditorClassIdentifier: 
  TargetList: []
  TargetHostile: 1
  AimingOrigin: {x: 0, y: 1.3, z: 0}
  AimDistance: 20
  AimSwitchDif: 2
  ReflexTime: 0.2
  IsDead: 0
  EnemyGun: {fileID: 183266014843494140}
--- !u!114 &-4316018402145263407
MonoBehaviour:
  m_ObjectHideFlags: 0
  m_CorrespondingSourceObject: {fileID: 0}
  m_PrefabInstance: {fileID: 0}
  m_PrefabAsset: {fileID: 0}
  m_GameObject: {fileID: 4362981164767522195}
  m_Enabled: 1
  m_EditorHideFlags: 0
  m_Script: {fileID: 11500000, guid: 0a30e17ac7c8c8b42bed86e977ccf5d3, type: 3}
  m_Name: 
  m_EditorClassIdentifier: 
  Countdown: 5
  Counter: 0
  MaxHeight: 5
  DangerZone: 0
--- !u!4 &4362981164767522197 stripped
Transform:
  m_CorrespondingSourceObject: {fileID: 957299547047608686, guid: a44178215a894cc48a253ff3343a6875, type: 3}
  m_PrefabInstance: {fileID: 3586394300517870843}
  m_PrefabAsset: {fileID: 0}
--- !u!1 &4574726647266625331 stripped
GameObject:
  m_CorrespondingSourceObject: {fileID: 1061124621787278280, guid: a44178215a894cc48a253ff3343a6875, type: 3}
  m_PrefabInstance: {fileID: 3586394300517870843}
  m_PrefabAsset: {fileID: 0}
--- !u!54 &4111285818861991895
Rigidbody:
  m_ObjectHideFlags: 0
  m_CorrespondingSourceObject: {fileID: 0}
  m_PrefabInstance: {fileID: 0}
  m_PrefabAsset: {fileID: 0}
  m_GameObject: {fileID: 4574726647266625331}
  serializedVersion: 2
  m_Mass: 46.874996
  m_Drag: 0
  m_AngularDrag: 0.05
  m_UseGravity: 1
  m_IsKinematic: 1
  m_Interpolate: 0
  m_Constraints: 0
  m_CollisionDetection: 0
--- !u!136 &7107221555219247335
CapsuleCollider:
  m_ObjectHideFlags: 0
  m_CorrespondingSourceObject: {fileID: 0}
  m_PrefabInstance: {fileID: 0}
  m_PrefabAsset: {fileID: 0}
  m_GameObject: {fileID: 4574726647266625331}
  m_Material: {fileID: 0}
  m_IsTrigger: 0
  m_Enabled: 1
  m_Radius: 0.13033047
  m_Height: 0.5213219
  m_Direction: 1
  m_Center: {x: 0, y: 0.26066095, z: 0}
--- !u!144 &2193357203326866784
CharacterJoint:
  m_ObjectHideFlags: 0
  m_CorrespondingSourceObject: {fileID: 0}
  m_PrefabInstance: {fileID: 0}
  m_PrefabAsset: {fileID: 0}
  m_GameObject: {fileID: 4574726647266625331}
  m_ConnectedBody: {fileID: 1849520527009201780}
  m_ConnectedArticulationBody: {fileID: 0}
  m_Anchor: {x: 0, y: 0, z: 0}
  m_Axis: {x: -1, y: 0, z: 0}
  m_AutoConfigureConnectedAnchor: 1
  m_ConnectedAnchor: {x: -0.0000000027939249, y: 0.46650964, z: 0.00000002235169}
  serializedVersion: 2
  m_SwingAxis: {x: 0, y: 0, z: 1}
  m_TwistLimitSpring:
    spring: 0
    damper: 0
  m_LowTwistLimit:
    limit: -80
    bounciness: 0
    contactDistance: 0
  m_HighTwistLimit:
    limit: 0
    bounciness: 0
    contactDistance: 0
  m_SwingLimitSpring:
    spring: 0
    damper: 0
  m_Swing1Limit:
    limit: 0
    bounciness: 0
    contactDistance: 0
  m_Swing2Limit:
    limit: 0
    bounciness: 0
    contactDistance: 0
  m_EnableProjection: 0
  m_ProjectionDistance: 0.1
  m_ProjectionAngle: 180
  m_BreakForce: Infinity
  m_BreakTorque: Infinity
  m_EnableCollision: 0
  m_EnablePreprocessing: 0
  m_MassScale: 1
  m_ConnectedMassScale: 1
--- !u!1 &4752205647400789659 stripped
GameObject:
  m_CorrespondingSourceObject: {fileID: 8085746142542269024, guid: a44178215a894cc48a253ff3343a6875, type: 3}
  m_PrefabInstance: {fileID: 3586394300517870843}
  m_PrefabAsset: {fileID: 0}
--- !u!54 &5353187886022076237
Rigidbody:
  m_ObjectHideFlags: 0
  m_CorrespondingSourceObject: {fileID: 0}
  m_PrefabInstance: {fileID: 0}
  m_PrefabAsset: {fileID: 0}
  m_GameObject: {fileID: 4752205647400789659}
  serializedVersion: 2
  m_Mass: 31.25
  m_Drag: 0
  m_AngularDrag: 0.05
  m_UseGravity: 1
  m_IsKinematic: 1
  m_Interpolate: 0
  m_Constraints: 0
  m_CollisionDetection: 0
--- !u!136 &1554447380551700962
CapsuleCollider:
  m_ObjectHideFlags: 0
  m_CorrespondingSourceObject: {fileID: 0}
  m_PrefabInstance: {fileID: 0}
  m_PrefabAsset: {fileID: 0}
  m_GameObject: {fileID: 4752205647400789659}
  m_Material: {fileID: 0}
  m_IsTrigger: 0
  m_Enabled: 1
  m_Radius: 0.08490741
  m_Height: 0.42453706
  m_Direction: 1
  m_Center: {x: 0, y: 0.21226853, z: 0}
--- !u!144 &1971303866862745060
CharacterJoint:
  m_ObjectHideFlags: 0
  m_CorrespondingSourceObject: {fileID: 0}
  m_PrefabInstance: {fileID: 0}
  m_PrefabAsset: {fileID: 0}
  m_GameObject: {fileID: 4752205647400789659}
  m_ConnectedBody: {fileID: 8278889712602973212}
  m_ConnectedArticulationBody: {fileID: 0}
  m_Anchor: {x: 0, y: 0, z: 0}
  m_Axis: {x: -1, y: 0, z: 0}
  m_AutoConfigureConnectedAnchor: 1
  m_ConnectedAnchor: {x: 0.000000022351745, y: 0.2790262, z: -0.000000059604638}
  serializedVersion: 2
  m_SwingAxis: {x: 0, y: -1, z: 0}
  m_TwistLimitSpring:
    spring: 0
    damper: 0
  m_LowTwistLimit:
    limit: -90
    bounciness: 0
    contactDistance: 0
  m_HighTwistLimit:
    limit: 0
    bounciness: 0
    contactDistance: 0
  m_SwingLimitSpring:
    spring: 0
    damper: 0
  m_Swing1Limit:
    limit: 0
    bounciness: 0
    contactDistance: 0
  m_Swing2Limit:
    limit: 0
    bounciness: 0
    contactDistance: 0
  m_EnableProjection: 0
  m_ProjectionDistance: 0.1
  m_ProjectionAngle: 180
  m_BreakForce: Infinity
  m_BreakTorque: Infinity
  m_EnableCollision: 0
  m_EnablePreprocessing: 0
  m_MassScale: 1
  m_ConnectedMassScale: 1
--- !u!137 &5003810906839255461 stripped
SkinnedMeshRenderer:
  m_CorrespondingSourceObject: {fileID: 8409475181482567006, guid: a44178215a894cc48a253ff3343a6875, type: 3}
  m_PrefabInstance: {fileID: 3586394300517870843}
  m_PrefabAsset: {fileID: 0}
--- !u!1 &5743975630104277435 stripped
GameObject:
  m_CorrespondingSourceObject: {fileID: 9111870538858880320, guid: a44178215a894cc48a253ff3343a6875, type: 3}
  m_PrefabInstance: {fileID: 3586394300517870843}
  m_PrefabAsset: {fileID: 0}
--- !u!54 &8278889712602973212
Rigidbody:
  m_ObjectHideFlags: 0
  m_CorrespondingSourceObject: {fileID: 0}
  m_PrefabInstance: {fileID: 0}
  m_PrefabAsset: {fileID: 0}
  m_GameObject: {fileID: 5743975630104277435}
  serializedVersion: 2
  m_Mass: 31.25
  m_Drag: 0
  m_AngularDrag: 0.05
  m_UseGravity: 1
  m_IsKinematic: 1
  m_Interpolate: 0
  m_Constraints: 0
  m_CollisionDetection: 0
--- !u!136 &3165102666275740042
CapsuleCollider:
  m_ObjectHideFlags: 0
  m_CorrespondingSourceObject: {fileID: 0}
  m_PrefabInstance: {fileID: 0}
  m_PrefabAsset: {fileID: 0}
  m_GameObject: {fileID: 5743975630104277435}
  m_Material: {fileID: 0}
  m_IsTrigger: 0
  m_Enabled: 1
  m_Radius: 0.06975655
  m_Height: 0.2790262
  m_Direction: 1
  m_Center: {x: 0, y: 0.1395131, z: 0}
--- !u!144 &5247877333013133752
CharacterJoint:
  m_ObjectHideFlags: 0
  m_CorrespondingSourceObject: {fileID: 0}
  m_PrefabInstance: {fileID: 0}
  m_PrefabAsset: {fileID: 0}
  m_GameObject: {fileID: 5743975630104277435}
  m_ConnectedBody: {fileID: 4298716709805744786}
  m_ConnectedArticulationBody: {fileID: 0}
  m_Anchor: {x: 0, y: 0, z: 0}
  m_Axis: {x: 0, y: -1, z: 0}
  m_AutoConfigureConnectedAnchor: 1
  m_ConnectedAnchor: {x: 0.17939086, y: 0.16153744, z: -0.006855073}
  serializedVersion: 2
  m_SwingAxis: {x: -1, y: 0, z: 0}
  m_TwistLimitSpring:
    spring: 0
    damper: 0
  m_LowTwistLimit:
    limit: -70
    bounciness: 0
    contactDistance: 0
  m_HighTwistLimit:
    limit: 10
    bounciness: 0
    contactDistance: 0
  m_SwingLimitSpring:
    spring: 0
    damper: 0
  m_Swing1Limit:
    limit: 50
    bounciness: 0
    contactDistance: 0
  m_Swing2Limit:
    limit: 0
    bounciness: 0
    contactDistance: 0
  m_EnableProjection: 0
  m_ProjectionDistance: 0.1
  m_ProjectionAngle: 180
  m_BreakForce: Infinity
  m_BreakTorque: Infinity
  m_EnableCollision: 0
  m_EnablePreprocessing: 0
  m_MassScale: 1
  m_ConnectedMassScale: 1
--- !u!1 &6910940533569795395 stripped
GameObject:
  m_CorrespondingSourceObject: {fileID: 7939275847861328312, guid: a44178215a894cc48a253ff3343a6875, type: 3}
  m_PrefabInstance: {fileID: 3586394300517870843}
  m_PrefabAsset: {fileID: 0}
--- !u!54 &6552889556614349783
Rigidbody:
  m_ObjectHideFlags: 0
  m_CorrespondingSourceObject: {fileID: 0}
  m_PrefabInstance: {fileID: 0}
  m_PrefabAsset: {fileID: 0}
  m_GameObject: {fileID: 6910940533569795395}
  serializedVersion: 2
  m_Mass: 31.25
  m_Drag: 0
  m_AngularDrag: 0.05
  m_UseGravity: 1
  m_IsKinematic: 1
  m_Interpolate: 0
  m_Constraints: 0
  m_CollisionDetection: 0
--- !u!135 &8302266462397542883
SphereCollider:
  m_ObjectHideFlags: 0
  m_CorrespondingSourceObject: {fileID: 0}
  m_PrefabInstance: {fileID: 0}
  m_PrefabAsset: {fileID: 0}
  m_GameObject: {fileID: 6910940533569795395}
  m_Material: {fileID: 0}
  m_IsTrigger: 0
  m_Enabled: 1
  serializedVersion: 2
  m_Radius: 0.08954512
  m_Center: {x: 0, y: 0.08954512, z: 0}
--- !u!144 &954575875285727966
CharacterJoint:
  m_ObjectHideFlags: 0
  m_CorrespondingSourceObject: {fileID: 0}
  m_PrefabInstance: {fileID: 0}
  m_PrefabAsset: {fileID: 0}
  m_GameObject: {fileID: 6910940533569795395}
  m_ConnectedBody: {fileID: 4298716709805744786}
  m_ConnectedArticulationBody: {fileID: 0}
  m_Anchor: {x: 0, y: 0, z: 0}
  m_Axis: {x: 1, y: 0, z: 0}
  m_AutoConfigureConnectedAnchor: 1
  m_ConnectedAnchor: {x: 0.004744457, y: 0.35588467, z: 0.04660682}
  serializedVersion: 2
  m_SwingAxis: {x: 0, y: 0, z: 1}
  m_TwistLimitSpring:
    spring: 0
    damper: 0
  m_LowTwistLimit:
    limit: -40
    bounciness: 0
    contactDistance: 0
  m_HighTwistLimit:
    limit: 25
    bounciness: 0
    contactDistance: 0
  m_SwingLimitSpring:
    spring: 0
    damper: 0
  m_Swing1Limit:
    limit: 25
    bounciness: 0
    contactDistance: 0
  m_Swing2Limit:
    limit: 0
    bounciness: 0
    contactDistance: 0
  m_EnableProjection: 0
  m_ProjectionDistance: 0.1
  m_ProjectionAngle: 180
  m_BreakForce: Infinity
  m_BreakTorque: Infinity
  m_EnableCollision: 0
  m_EnablePreprocessing: 0
  m_MassScale: 1
  m_ConnectedMassScale: 1
--- !u!1 &7087717327528089439 stripped
GameObject:
  m_CorrespondingSourceObject: {fileID: 6024074425986136996, guid: a44178215a894cc48a253ff3343a6875, type: 3}
  m_PrefabInstance: {fileID: 3586394300517870843}
  m_PrefabAsset: {fileID: 0}
--- !u!54 &293944997498081279
Rigidbody:
  m_ObjectHideFlags: 0
  m_CorrespondingSourceObject: {fileID: 0}
  m_PrefabInstance: {fileID: 0}
  m_PrefabAsset: {fileID: 0}
  m_GameObject: {fileID: 7087717327528089439}
  serializedVersion: 2
  m_Mass: 78.125
  m_Drag: 0
  m_AngularDrag: 0.05
  m_UseGravity: 1
  m_IsKinematic: 1
  m_Interpolate: 0
  m_Constraints: 0
  m_CollisionDetection: 0
--- !u!65 &7074952510521589149
BoxCollider:
  m_ObjectHideFlags: 0
  m_CorrespondingSourceObject: {fileID: 0}
  m_PrefabInstance: {fileID: 0}
  m_PrefabAsset: {fileID: 0}
  m_GameObject: {fileID: 7087717327528089439}
  m_Material: {fileID: 0}
  m_IsTrigger: 0
  m_Enabled: 1
  serializedVersion: 2
  m_Size: {x: 0.35428336, y: 0.25622377, z: 0.21172181}
  m_Center: {x: 0.00043816864, y: 0.075805604, z: 0.015401095}
--- !u!1001 &6372913853702190512
PrefabInstance:
  m_ObjectHideFlags: 0
  serializedVersion: 2
  m_Modification:
    m_TransformParent: {fileID: 1863119307158695828}
    m_Modifications:
    - target: {fileID: -8679921383154817045, guid: e3ea6d1c30d684a2593b3fb692c2d54f, type: 3}
      propertyPath: m_RootOrder
      value: 1
      objectReference: {fileID: 0}
    - target: {fileID: -8679921383154817045, guid: e3ea6d1c30d684a2593b3fb692c2d54f, type: 3}
      propertyPath: m_LocalScale.x
      value: 4.0495667
      objectReference: {fileID: 0}
    - target: {fileID: -8679921383154817045, guid: e3ea6d1c30d684a2593b3fb692c2d54f, type: 3}
      propertyPath: m_LocalScale.y
      value: 2.8310118
      objectReference: {fileID: 0}
    - target: {fileID: -8679921383154817045, guid: e3ea6d1c30d684a2593b3fb692c2d54f, type: 3}
      propertyPath: m_LocalScale.z
      value: 2.4395125
      objectReference: {fileID: 0}
    - target: {fileID: -8679921383154817045, guid: e3ea6d1c30d684a2593b3fb692c2d54f, type: 3}
      propertyPath: m_LocalPosition.x
      value: 0
      objectReference: {fileID: 0}
    - target: {fileID: -8679921383154817045, guid: e3ea6d1c30d684a2593b3fb692c2d54f, type: 3}
      propertyPath: m_LocalPosition.y
      value: 0
      objectReference: {fileID: 0}
    - target: {fileID: -8679921383154817045, guid: e3ea6d1c30d684a2593b3fb692c2d54f, type: 3}
      propertyPath: m_LocalPosition.z
      value: 0
      objectReference: {fileID: 0}
    - target: {fileID: -8679921383154817045, guid: e3ea6d1c30d684a2593b3fb692c2d54f, type: 3}
      propertyPath: m_LocalRotation.w
      value: 1
      objectReference: {fileID: 0}
    - target: {fileID: -8679921383154817045, guid: e3ea6d1c30d684a2593b3fb692c2d54f, type: 3}
      propertyPath: m_LocalRotation.x
      value: 0
      objectReference: {fileID: 0}
    - target: {fileID: -8679921383154817045, guid: e3ea6d1c30d684a2593b3fb692c2d54f, type: 3}
      propertyPath: m_LocalRotation.y
      value: 0
      objectReference: {fileID: 0}
    - target: {fileID: -8679921383154817045, guid: e3ea6d1c30d684a2593b3fb692c2d54f, type: 3}
      propertyPath: m_LocalRotation.z
      value: 0
      objectReference: {fileID: 0}
    - target: {fileID: -8679921383154817045, guid: e3ea6d1c30d684a2593b3fb692c2d54f, type: 3}
      propertyPath: m_LocalEulerAnglesHint.x
      value: 0
      objectReference: {fileID: 0}
    - target: {fileID: -8679921383154817045, guid: e3ea6d1c30d684a2593b3fb692c2d54f, type: 3}
      propertyPath: m_LocalEulerAnglesHint.y
      value: 0
      objectReference: {fileID: 0}
    - target: {fileID: -8679921383154817045, guid: e3ea6d1c30d684a2593b3fb692c2d54f, type: 3}
      propertyPath: m_LocalEulerAnglesHint.z
      value: 0
      objectReference: {fileID: 0}
    - target: {fileID: 919132149155446097, guid: e3ea6d1c30d684a2593b3fb692c2d54f, type: 3}
      propertyPath: m_Name
      value: M110Sniper
      objectReference: {fileID: 0}
    m_RemovedComponents: []
  m_SourcePrefab: {fileID: 100100000, guid: e3ea6d1c30d684a2593b3fb692c2d54f, type: 3}
--- !u!4 &6916291114931114587 stripped
Transform:
  m_CorrespondingSourceObject: {fileID: -8679921383154817045, guid: e3ea6d1c30d684a2593b3fb692c2d54f, type: 3}
  m_PrefabInstance: {fileID: 6372913853702190512}
  m_PrefabAsset: {fileID: 0}
