%YAML 1.1
%TAG !u! tag:unity3d.com,2011:
--- !u!1 &223289498974005922
GameObject:
  m_ObjectHideFlags: 0
  m_CorrespondingSourceObject: {fileID: 0}
  m_PrefabInstance: {fileID: 0}
  m_PrefabAsset: {fileID: 0}
  serializedVersion: 6
  m_Component:
  - component: {fileID: 7248950854092888979}
  - component: {fileID: 4418454413801540372}
  m_Layer: 0
  m_Name: Collider
  m_TagString: Untagged
  m_Icon: {fileID: 0}
  m_NavMeshLayer: 0
  m_StaticEditorFlags: 4294967295
  m_IsActive: 1
--- !u!4 &7248950854092888979
Transform:
  m_ObjectHideFlags: 0
  m_CorrespondingSourceObject: {fileID: 0}
  m_PrefabInstance: {fileID: 0}
  m_PrefabAsset: {fileID: 0}
  m_GameObject: {fileID: 223289498974005922}
  m_LocalRotation: {x: 0, y: 0, z: 0, w: 1}
  m_LocalPosition: {x: -0.466, y: 0.93, z: -1.1849976}
  m_LocalScale: {x: 1, y: 1, z: 1}
  m_ConstrainProportionsScale: 0
  m_Children: []
  m_Father: {fileID: 415573633555842088}
  m_RootOrder: 1
  m_LocalEulerAnglesHint: {x: 0, y: 0, z: 0}
--- !u!65 &4418454413801540372
BoxCollider:
  m_ObjectHideFlags: 0
  m_CorrespondingSourceObject: {fileID: 0}
  m_PrefabInstance: {fileID: 0}
  m_PrefabAsset: {fileID: 0}
  m_GameObject: {fileID: 223289498974005922}
  m_Material: {fileID: 0}
  m_IsTrigger: 0
  m_Enabled: 1
  serializedVersion: 2
  m_Size: {x: 1.3727341, y: 0.8898829, z: 1}
  m_Center: {x: -0.065776825, y: -0.37297457, z: 0}
--- !u!1 &5332483422490001801
GameObject:
  m_ObjectHideFlags: 0
  m_CorrespondingSourceObject: {fileID: 0}
  m_PrefabInstance: {fileID: 0}
  m_PrefabAsset: {fileID: 0}
  serializedVersion: 6
  m_Component:
  - component: {fileID: 415573633555842088}
  m_Layer: 0
  m_Name: TableShooting
  m_TagString: Untagged
  m_Icon: {fileID: 0}
  m_NavMeshLayer: 0
  m_StaticEditorFlags: 4294967295
  m_IsActive: 1
--- !u!4 &415573633555842088
Transform:
  m_ObjectHideFlags: 0
  m_CorrespondingSourceObject: {fileID: 0}
  m_PrefabInstance: {fileID: 0}
  m_PrefabAsset: {fileID: 0}
  m_GameObject: {fileID: 5332483422490001801}
  m_LocalRotation: {x: 0, y: 0, z: 0, w: 1}
  m_LocalPosition: {x: 0, y: 0, z: 0}
  m_LocalScale: {x: 1, y: 1, z: 1}
  m_ConstrainProportionsScale: 0
  m_Children:
  - {fileID: 1124237357261816603}
  - {fileID: 7248950854092888979}
  - {fileID: 3072621857078035927}
  - {fileID: 342815999846809259}
  m_Father: {fileID: 0}
  m_RootOrder: 0
  m_LocalEulerAnglesHint: {x: 0, y: 0, z: 0}
--- !u!1 &8276508435031218316
GameObject:
  m_ObjectHideFlags: 0
  m_CorrespondingSourceObject: {fileID: 0}
  m_PrefabInstance: {fileID: 0}
  m_PrefabAsset: {fileID: 0}
  serializedVersion: 6
  m_Component:
  - component: {fileID: 342815999846809259}
  - component: {fileID: 8393225913074571076}
  m_Layer: 0
  m_Name: Collider (2)
  m_TagString: Untagged
  m_Icon: {fileID: 0}
  m_NavMeshLayer: 0
  m_StaticEditorFlags: 4294967295
  m_IsActive: 1
--- !u!4 &342815999846809259
Transform:
  m_ObjectHideFlags: 0
  m_CorrespondingSourceObject: {fileID: 0}
  m_PrefabInstance: {fileID: 0}
  m_PrefabAsset: {fileID: 0}
  m_GameObject: {fileID: 8276508435031218316}
  m_LocalRotation: {x: 0, y: 0, z: 0, w: 1}
  m_LocalPosition: {x: -1.96, y: 0.93, z: -0.68499756}
  m_LocalScale: {x: 1, y: 1, z: 1}
  m_ConstrainProportionsScale: 0
  m_Children: []
  m_Father: {fileID: 415573633555842088}
  m_RootOrder: 3
  m_LocalEulerAnglesHint: {x: 0, y: 0, z: 0}
--- !u!65 &8393225913074571076
BoxCollider:
  m_ObjectHideFlags: 0
  m_CorrespondingSourceObject: {fileID: 0}
  m_PrefabInstance: {fileID: 0}
  m_PrefabAsset: {fileID: 0}
  m_GameObject: {fileID: 8276508435031218316}
  m_Material: {fileID: 0}
  m_IsTrigger: 0
  m_Enabled: 1
  serializedVersion: 2
  m_Size: {x: 0.1230011, y: 2.5051131, z: 1}
  m_Center: {x: 0.6796799, y: 0.4346404, z: 0}
--- !u!1 &8593096620810043448
GameObject:
  m_ObjectHideFlags: 0
  m_CorrespondingSourceObject: {fileID: 0}
  m_PrefabInstance: {fileID: 0}
  m_PrefabAsset: {fileID: 0}
  serializedVersion: 6
  m_Component:
  - component: {fileID: 3072621857078035927}
  - component: {fileID: 4752399379851107784}
  m_Layer: 0
  m_Name: Collider (1)
  m_TagString: Untagged
  m_Icon: {fileID: 0}
  m_NavMeshLayer: 0
  m_StaticEditorFlags: 4294967295
  m_IsActive: 1
--- !u!4 &3072621857078035927
Transform:
  m_ObjectHideFlags: 0
  m_CorrespondingSourceObject: {fileID: 0}
  m_PrefabInstance: {fileID: 0}
  m_PrefabAsset: {fileID: 0}
  m_GameObject: {fileID: 8593096620810043448}
  m_LocalRotation: {x: 0, y: 0, z: 0, w: 1}
  m_LocalPosition: {x: -0.466, y: 0.93, z: -0.68499756}
  m_LocalScale: {x: 1, y: 1, z: 1}
  m_ConstrainProportionsScale: 0
  m_Children: []
  m_Father: {fileID: 415573633555842088}
  m_RootOrder: 2
  m_LocalEulerAnglesHint: {x: 0, y: 0, z: 0}
--- !u!65 &4752399379851107784
BoxCollider:
  m_ObjectHideFlags: 0
  m_CorrespondingSourceObject: {fileID: 0}
  m_PrefabInstance: {fileID: 0}
  m_PrefabAsset: {fileID: 0}
  m_GameObject: {fileID: 8593096620810043448}
  m_Material: {fileID: 0}
  m_IsTrigger: 0
  m_Enabled: 1
  serializedVersion: 2
  m_Size: {x: 0.1230011, y: 2.5051131, z: 1}
  m_Center: {x: 0.6796799, y: 0.4346404, z: 0}
--- !u!1001 &581156315434181872
PrefabInstance:
  m_ObjectHideFlags: 0
  serializedVersion: 2
  m_Modification:
    m_TransformParent: {fileID: 415573633555842088}
    m_Modifications:
    - target: {fileID: -8679921383154817045, guid: 7a64f8c63a3454ffabbfbc8cca97bc7a, type: 3}
      propertyPath: m_RootOrder
      value: 0
      objectReference: {fileID: 0}
    - target: {fileID: -8679921383154817045, guid: 7a64f8c63a3454ffabbfbc8cca97bc7a, type: 3}
      propertyPath: m_LocalPosition.x
      value: 0.00000001986638
      objectReference: {fileID: 0}
    - target: {fileID: -8679921383154817045, guid: 7a64f8c63a3454ffabbfbc8cca97bc7a, type: 3}
      propertyPath: m_LocalPosition.y
      value: 0.72
      objectReference: {fileID: 0}
    - target: {fileID: -8679921383154817045, guid: 7a64f8c63a3454ffabbfbc8cca97bc7a, type: 3}
      propertyPath: m_LocalPosition.z
      value: -6.53
      objectReference: {fileID: 0}
    - target: {fileID: -8679921383154817045, guid: 7a64f8c63a3454ffabbfbc8cca97bc7a, type: 3}
      propertyPath: m_LocalRotation.w
      value: 1
      objectReference: {fileID: 0}
    - target: {fileID: -8679921383154817045, guid: 7a64f8c63a3454ffabbfbc8cca97bc7a, type: 3}
      propertyPath: m_LocalRotation.x
      value: 0
      objectReference: {fileID: 0}
    - target: {fileID: -8679921383154817045, guid: 7a64f8c63a3454ffabbfbc8cca97bc7a, type: 3}
      propertyPath: m_LocalRotation.y
      value: 0
      objectReference: {fileID: 0}
    - target: {fileID: -8679921383154817045, guid: 7a64f8c63a3454ffabbfbc8cca97bc7a, type: 3}
      propertyPath: m_LocalRotation.z
      value: 0
      objectReference: {fileID: 0}
    - target: {fileID: -8679921383154817045, guid: 7a64f8c63a3454ffabbfbc8cca97bc7a, type: 3}
      propertyPath: m_LocalEulerAnglesHint.x
      value: 0
      objectReference: {fileID: 0}
    - target: {fileID: -8679921383154817045, guid: 7a64f8c63a3454ffabbfbc8cca97bc7a, type: 3}
      propertyPath: m_LocalEulerAnglesHint.y
      value: 0
      objectReference: {fileID: 0}
    - target: {fileID: -8679921383154817045, guid: 7a64f8c63a3454ffabbfbc8cca97bc7a, type: 3}
      propertyPath: m_LocalEulerAnglesHint.z
      value: 0
      objectReference: {fileID: 0}
    - target: {fileID: -4084062495355745341, guid: 7a64f8c63a3454ffabbfbc8cca97bc7a, type: 3}
      propertyPath: m_StaticEditorFlags
      value: 4294967295
      objectReference: {fileID: 0}
    - target: {fileID: 919132149155446097, guid: 7a64f8c63a3454ffabbfbc8cca97bc7a, type: 3}
      propertyPath: m_Name
      value: ShootingTable
      objectReference: {fileID: 0}
    - target: {fileID: 919132149155446097, guid: 7a64f8c63a3454ffabbfbc8cca97bc7a, type: 3}
      propertyPath: m_StaticEditorFlags
      value: 4294967295
      objectReference: {fileID: 0}
    - target: {fileID: 4165069358039003289, guid: 7a64f8c63a3454ffabbfbc8cca97bc7a, type: 3}
      propertyPath: m_Materials.Array.data[0]
      value: 
      objectReference: {fileID: 2100000, guid: 9744bb3c03abd49249788eab7bbb6450, type: 2}
    - target: {fileID: 4165069358039003289, guid: 7a64f8c63a3454ffabbfbc8cca97bc7a, type: 3}
      propertyPath: m_Materials.Array.data[1]
      value: 
      objectReference: {fileID: 2100000, guid: d58e8738dcb074644830f2dbb9e3d6cc, type: 2}
    - target: {fileID: 6290963462366042925, guid: 7a64f8c63a3454ffabbfbc8cca97bc7a, type: 3}
      propertyPath: m_Materials.Array.data[0]
      value: 
      objectReference: {fileID: 2100000, guid: d58e8738dcb074644830f2dbb9e3d6cc, type: 2}
    - target: {fileID: 6290963462366042925, guid: 7a64f8c63a3454ffabbfbc8cca97bc7a, type: 3}
      propertyPath: m_Materials.Array.data[1]
      value: 
      objectReference: {fileID: 2100000, guid: 9744bb3c03abd49249788eab7bbb6450, type: 2}
    - target: {fileID: 6290963462366042925, guid: 7a64f8c63a3454ffabbfbc8cca97bc7a, type: 3}
      propertyPath: m_Materials.Array.data[2]
      value: 
      objectReference: {fileID: 2100000, guid: c17a87c6d81884fc2bf4e3a06950955d, type: 2}
    - target: {fileID: 6481615481564217233, guid: 7a64f8c63a3454ffabbfbc8cca97bc7a, type: 3}
      propertyPath: m_StaticEditorFlags
      value: 4294967295
      objectReference: {fileID: 0}
    m_RemovedComponents: []
  m_SourcePrefab: {fileID: 100100000, guid: 7a64f8c63a3454ffabbfbc8cca97bc7a, type: 3}
--- !u!4 &1124237357261816603 stripped
Transform:
  m_CorrespondingSourceObject: {fileID: -8679921383154817045, guid: 7a64f8c63a3454ffabbfbc8cca97bc7a, type: 3}
  m_PrefabInstance: {fileID: 581156315434181872}
  m_PrefabAsset: {fileID: 0}
